@inproceedings{cloudward,
    author = {Mohammad Hajjat and Xin Sun and Yu-Wei Eric Sung and David A. Maltz and Sanjay Rao and Kunwadee Sripanidkulchai and Mohit Tawarmalani},
    title = {Cloudward Bound: Planning for Beneficial Migration of Enterprise Applications to the Cloud},
    booktitle = {SIGCOMM},
    year = {2012}
}

@inproceedings{gibb,
    author = {Glen Gibb and Hongyi Zeng and Nick McKeown},
    title = {Outsourcing Network Functionality},
    booktitle = {HotSDN},
    year = {2012 (To Appear)}
}

@inproceedings{mboxnsdilong,
    author = {Vyas Sekar and Norbert Egi and Sylvia Ratnasamy and Michael Reiter and Guangyu Shi},
    title = {Design and Implementation of a Consolidated Middlebox Architecture},
    booktitle = {NSDI},
    year = {2012}
}

@inproceedings{mboxnsdi,
    author = {{V. Sekar et~al.}},
    title = {Design and Implementation of a Consolidated Middlebox Architecture},
    booktitle = {NSDI},
    year = {2012}
}


@inproceedings{heyyou,
 author = {Ristenpart, Thomas and Tromer, Eran and Shacham, Hovav and Savage, Stefan},
 title = {Hey, you, get off of my cloud: exploring information leakage in third-party compute clouds},
 booktitle = {CCS}, 
 year = {2009}
} 

@inproceedings{taming,
 author = {Choffnes, David R. and Bustamante, Fabi\'{a}n E.},
 title = {Taming the torrent: a practical approach to reducing cross-isp traffic in peer-to-peer systems},
 booktitle = {SIGCOMM},
 year = 2008
} 

@misc{rightscale,
    title = {RightScale {C}loud Management},
    howpublished = {\url{http://www.rightscale.com/}}
}

@misc{yes_men,
    title = {The Yes Men Fix The World},
    howpublished = {\url{http://theyesmenfixtheworld.com/}}
}

@misc{virtual_steelhead,
    title = {Riverbed Virtual Steelhead},
    howpublished = {\url{http://tinyurl.com/6o3vn9k}}
    @howpublished = {\url{http://www.riverbed.com/us/products/steelhead_appliance/virtual_steelhead.php}}
}


@inproceedings{spoofing,
author = {Beverly, Robert and others},
 title = {Understanding the efficacy of deployed {I}nternet source address validation filtering},
 booktitle = {IMC},
    year = {2009}
}

@inproceedings{su2006drafting,
    title={Drafting behind Akamai (travelocity-based detouring)},
    author={Su, A.J. and Choffnes, D.R. and Kuzmanovic, A. and Bustamante, F.E.},
    booktitle = {SIGCOMM},
    year = 2006
}

@article{dukkipati2006rcp,
    title={Why flow-completion time is the right metric for congestion control},
    author={Dukkipati, N. and McKeown, N.},
    journal={CCR},
    month = {January},
    year={2006},
}

@misc{ipanemacloudreport,
    title = {Cloud Computing - 31 companies describe their experiences},
    year = 2011,
    howpublished = {\url{http://bit.ly/AsvwaZ}
}

@TechReport{	  rfc5681tcp,
  author	= "Allman, M. and Paxson, V.",
  title		= {{TCP} Congestion Control},
  type		= "{RFC~5681}",
}

@TechReport{	  floyd2003hstcp,
  author	= "Sally Floyd",
  title		= {{HighSpeed TCP} for large congestion windows},
  type		= "{RFC~3649}",
}

@article{click, author = {Kohler, Eddie and Morris, Robert and Chen, Benjie and
Jannotti, John and Kaashoek, M. Frans}, title = {The click modular router},
journal = {ACM ToCS}, month = {August}, year = {2000}, } 

@misc{alexa,
    key = alexa,
    title = {Alexa: The web information company},
    howpublished = {\url{http://www.alexa.com/}}
}

@techreport{govcloud,
    title={{25 Point Implementation Plan to Reform Federal Information Technology Management}},
    author={Kundra, V.},
    year={2010},
    institution={US CIO}
}

@misc{vcloud,
    key = vcloud,
    title = {{VMWare vCloud}},
    howpublished = {\url{http://vcloud.vmware.com}}
}

@misc{amazondirectconnect,
    key = amazondirectconnect,
    title = {{Amazon Direct Connect}},
    howpublished = {\url{http://aws.amazon.com/directconnect}}
}

@inproceedings{routebricks,
 author = {Dobrescu, Mihai and Egi, Norbert and Argyraki, Katerina and Chun, Byung-Gon and Fall, Kevin and Iannaccone, Gianluca and Knies, Allan and Manesh, Maziar and Ratnasamy, Sylvia},
 title = {RouteBricks: exploiting parallelism to scale software routers},
 booktitle = {SOSP},
 year = {2009},
} 
@article{GKP:08,
author = {Natasha Gude and  Teema Koponen and  Justin Pettit and  Ben Pfaff and  Martin Casado and  Nick McKeown  and Scott Shenker}
title  = {{NOX: Towards an Operating System for Networks}},
journal = {ACM SIGCOMM CCR},
month =  Jul,
year = 2008
}

@InProceedings{ katabi02xcp,
  author	= {Dina Katabi and Mark Handley and Charlie Rohrs},
  title		= {Congestion control for high bandwidth-delay product
		  networks},
  booktitle = {SIGCOMM},
  year		= {2002},
}

@misc{jitter_tolerance,
    title = {CISCO: Quality of Service Design Overview},
    howpublished = {\url{http://www.ciscopress.com/articles/article.asp?p=357102}}
}

@misc{rtp,
    title = {{RTP}: A Transport Protocol for Real-Time Applications},
    howpublished = {{RFC} 3550}
}

@misc{monitoring_software,
    title = {Network Monitoring Tools},
    howpublished = {\url{http://tinyurl.com/nmtools}}
    @howpublished = {\url{http://www.slac.stanford.edu/xorg/nmtf/nmtf-tools.html}}
}

@misc{tivoli,
    title = {{Tivoli Monitoring Software}},
    howpublished = {\url{http://tinyurl.com/7ycs5xv}}
    @howpublished = {\url{http://www-01.ibm.com/software/tivoli/products/monitor}}
}

@misc{virtualprivatecloud,
    title = {Amazon {V}irtual {P}rivate {C}loud},
    howpublished = {\url{http://aws.amazon.com/vpc}}
}



@MISC{pcicert,
    title = {{PCI} {S}ecurity {S}tandards {C}ouncil},
    howpublished = {\url{https://www.pcisecuritystandards.org/}}
}


@inproceedings{conman,
 author = {Ballani, Hitesh and Francis, Paul},
 title = {CONMan: a step towards network manageability},
 booktitle = {SIGCOMM},
 year = {2007}
} 

@inproceedings{ron,
 author = {Andersen, David and Balakrishnan, Hari and Kaashoek, Frans and Morris, Robert},
 title = {Resilient overlay networks},
 booktitle = {SOSP},
 year = {2001},
}

@inproceedings{player,
 author = {Joseph, Dilip A. and Tavakoli, Arsalan and Stoica, Ion},
 title = {A policy-aware switching layer for data centers},
 booktitle = {SIGCOMM},
 year = {2008},
} 
 

@inproceedings{ettm,
 author = {Dixon, Colin and Uppal, Hardeep and Brajkovic, Vjekoslav and Brandon, Dane and Anderson, Thomas and Krishnamurthy, Arvind},
 title = {{ETTM}: a scalable fault tolerant network manager},
 booktitle = {NSDI},
 year = {2011},
} 

@inproceedings{sekarhotnets,
 author = {Sekar, Vyas and Ratnasamy, Sylvia and Reiter, Michael K. and Egi, Norbert and Shi, Guangyu},
 title = {The middlebox manifesto: enabling innovation in middlebox deployment},
 booktitle = {HotNets},
 year = {2011},
} 

@misc{xap,
    author = {Justine Sherry and Sylvia Ratnasamy},
    title = {Building a network service architecture from middleboxes},
    howpublished = {UCB Tech. Rep, Forthcoming}
}

@inproceedings{doa,
 author = {Walfish, Michael and Stribling, Jeremy and Krohn, Maxwell and Balakrishnan, Hari and Morris, Robert and Shenker, Scott},
 title = {Middleboxes no longer considered harmful},
 booktitle =  {OSDI},
 year = {2004}
}


@ARTICLE{modelingmboxes, 
author={Joseph, D. and Stoica, I.}, 
journal={Network, IEEE}, 
title={Modeling middleboxes}, 
year={2008}, 
volume={22}, 
number={5}, 
}

@article{berkeleyview,
 author = {Armbrust, Michael and others},
 title = {A view of cloud computing},
 journal = {Commun. ACM},
 month = {April},
 year = {2010}
} 

@MISC{markets,
 title ={ World Enterprise Network and Data Security Markets},
 howpublished = {\url{http://bit.ly/gYW4Us}}
}

@MISC{mininet,
    title = {Mininet},
    howpublished={\url{http://yuba.stanford.edu/foswiki/bin/view/OpenFlow/Mininet}}
}

@inproceedings{paranoidandroid,
 author = {Portokalidis, Georgios and Homburg, Philip and Anagnostakis, Kostas and Bos, Herbert},
 title = {Paranoid {A}ndroid: versatile protection for smartphones},
 booktitle = {ACSAC},
 year = {2010},
} 


@inproceedings{spoofing,
author = {Beverly, Robert and others},
 title = {Understanding the efficacy of deployed {I}nternet source address validation filtering},
 booktitle = {IMC},
    year = {2009}
}


@inproceedings{activenames,
 author = {Vahdat, Amin and Dahlin, Michael and Anderson, Thomas and Aggarwal, Amit},
 title = {Active names: flexible location and transport of wide-area resources},
 booktitle = {USITS}, 
year = {1999},
}

@inproceedings{activeservices,
 author = {Amir, Elan and McCanne, Steven and Katz, Randy},
 title = {An active service framework and its application to real-time multimedia transcoding},
 booktitle = {SIGCOMM},
 year = {1998}
}

@misc{caida,
    title = {The {CAIDA} {AS} Relationships Dataset, {Jan} 2010.},
    howpublished = {\url{http://www.caida.org/data/active/as-relationships/}}
}

@article{i3,
    author = {Ion Stoica and others},
    title = {Internet indirection infrastructure},
    journal = {ToN},
    month = {April},
    year = {2004}
}

@inprocedings{ipnl,
    author = {Francis, Paul and Gummadi, Ramakrishna},
    title = {{IPNL}: A {NAT}-extended {I}nternet architecture},
    booktitle = {SIGCOMM},
    year = {2001}
}

@inproceedings{webmashups,
 author = {Benslimane, Djamal and Dustdar, Schahram and Sheth, Amit},
 title = {Services Mashups: The New Generation of Web Applications},
 journal = {Internet Computing},
 month = {September},
 year = {2008},
}

@inproceedings{sahara,
     author = {Raman, Bhaskaran and others},
    title = {The {SAHARA} Model for Service Composition across Multiple Providers},
    booktitle = {Pervasive},
    year = {2002}
}

@inproceedings{multicast,
     author = {Deering, Stephen and others},
    title = {An architecture for wide-area multicast routing},
    booktitle = {SIGCOMM},
    year = {1994}
}

@article{aitf,
     author = {Argyraki, Katerina and Cheriton, David R.},
     title = {Scalable network-layer defense against {I}nternet bandwidth-flooding attacks},
    journal = {ToN},
    month = {August},
    year = {2009}
}

@inproceedings{evolv-sigcomm05,
 author = {Ratnasamy, Sylvia and Shenker, Scott and McCanne, Steven},
 title = {Towards an evolvable {I}nternet architecture},
 booktitle = {SIGCOMM},
 year = {2005} 
}

@article{e2e-principle,
author = {Saltzer, J. H. and Reed, D. P. and Clark, D. D.},
 title = {End-to-end arguments in system design},
 journal = {ACM TOCS},
 month = {November},
 year = {1984},
}

@MISC{anycast,
    title = {Operation of Anycast Services},
    author = {J. Abley and K. Lindqvist},
    howpublished = {RFC 4786}
}

@MISC{cloudflare,
    title = {Cloudflare},
    howpublished = {\url{http://www.cloudflare.com}},
}

@MISC{akamai-ddos,
    title = {Akamai Security Solutions},
    howpublished = {\url{http://tinyurl.com/akmsec}}
}

@inproceedings{clark-fdna03,
    author = {Clark, David D. and others},
    title = {Addressing reality: an architectural response to real-world demands on the evolving {I}nternet},
    booktitle = {FDNA},
    year = {2003}
}

@article{snoeren-traceback,
    author = {Snoeren, Alex C. and others},
    title = {Hash-based {IP} traceback},
    booktitle = {CCR},
    year = {2001}
}

@inproceedings{dona,
     author = {Koponen, Teemu and others},
     title = {A data-oriented (and beyond) network architecture},
    booktitle = {SIGCOMM},
    year= {2007}
}

@inproceedings{ccn,
     author = {Jacobson, Van and others},
    title = {Networking named content},
    booktitle = {CoNext},
    year = {2009}
}

@inproceedings{icing,
    title = {A policy framework for the future {I}nternet},
    author = {Arun Seehra and others},
    booktitle = {HotNets},
    year = {2009}
}

@inproceedings{triad,
    author = {Gritter, Mark and Cheriton, David R.},
    title = {An architecture for content routing support in the {I}nternet},
    booktitle = {USITS},
    year = {2001}
}

@inproceedings{stablepopular,
    author = {Rexford, Jennifer and others},
    title = {{BGP} routing stability of popular destinations},
    booktitle = {ACM IMW},
    year = {2001}
}    

@MISC{zscalar,
    title = {{ZScaler Cloud Security}},
    howpublished = {\url{http://www.zscaler.com}}
}

@MISC{rfc3234,
    author ={B. Carpenter and S. Brim},
    title = {Middleboxes: Taxonomy and Issues},
    howpublished = {RFC 2334}
}

@MISC{aryaka,
    title = {{Aryaka WAN Optimization}},
    howpublished = {\url{http://www.aryaka.com}}
}


@inproceedings{theoispbasedservices,
    title = {{Demystifying Configuration Challenges and Trade-offs in Network-based {ISP} Services}},
    author = {Benson, Theophilus and Akella, Aditya and Shaikh, Aman},
    booktitle = {ACM SIGCOMM},
    year = {2011}
}
     

@inproceedings{onix,
    title = {Onix: A Distributed Control Platform for Large-scale Production Network},
    author = {Teemu Koponen and others},
    booktitle = {OSDI},
    year = {2010}
}

@inproceedings{revtr,
        author = {Ethan Katz-Bassett and others},
        title = {Reverse traceroute},
        booktitle = {NSDI},
        year = 2010
}

@article{impasse,
 author = {Anderson, Thomas and others},
 title = {Overcoming the {I}nternet Impasse through Virtualization},
 journal = {Computer},
 month = {April},
 year = {2005},
} 

@article{capabilities,
 author = {Yang, Xiaowei and Wetherall, David and Anderson, Thomas},
 title = {{TVA}: a {DoS}-limiting network architecture},
 journal = {ToN},
 month = {December},
 year = {2008},
} 

@inproceedings{handley-defoff,
 author = {Handley, Mark and Greenhalgh, Adam},
 title = {Steps towards a {DoS}-resistant {I}nternet architecture},
 series = {FDNA},
 year = {2004},
} 

@inproceedings{lfn,
 author = {Balakrishnan, Hari and others},
 title = {A layered naming architecture for the {I}nternet},
 booktitle = {SIGCOMM}, 
 year = {2004},
} 

@MISC{ciscofirewall,
        author={CISCO},
        title = {{Cisco} {IOS} Firewall},   
        howpublished = {\url{http://tinyurl.com/cicscoios}}
        @howpublished = {\url{http://www.cisco.com/en/US/prod/collateral/vpndevc/ps6525/ps6538/ps6540/prod_brochure0900aecd806444b4.pdf}}
}

@MISC{attddos,
        author = {AT\&T},
        title = {{DDoS} {D}efense},
        howpublished = {\url{http://tinyurl.com/attddos}}
}

@INPROCEEDINGS{ants,
	author = {David J. Wetherall and John V. Guttag and David L. Tennenhouse},
    	title = {{ANTS}: A Toolkit for Building and Dynamically Deploying Network Protocols},
	booktitle = {OPENARCH}, 
    	year = {1998}
}

@INPROCEEDINGS{consensusrouting,
	author = {John P. John and others},
    	title = {Consensus Routing: The {I}nternet as a Distributed System},
	booktitle = {NSDI}, 
    	year = {2008}
}

@article{tussle,
 author = {Clark, David D. and others},
 title = {Tussle in cyberspace: defining tomorrow's {I}nternet},
 journal = {ToN},
 month = {June},
 year = {2005},
} 

@MISC{facebookapi,
    author = {Facebook},
    title = {Facebook API},
    howpublished = {\url{http://developers.facebook.com/}}
}

@INPROCEEDINGS{rbgp,
    author = {Nate Kushman and others},
    title = {R-BGP: Staying Connected in a Connected World},
    booktitle = {NSDI}, 
    year = {2007}
}

@INPROCEEDINGS{jrexpopularpaths,
    author = {Jennifer Rexford and others},
    title = {{BGP} Routing Stability of Popular Destinations},
    booktitle = {{IMW}},
    year = {2002}
}

@INPROCEEDINGS{bro,
    author = {Vern Paxson},
    title = {Bro: A System for Detecting Network Intruders in Real-Time},
    booktitle = {Computer Networks},
    year = {1999},
    pages = {2435--2463}
}

@INPROCEEDINGS{activenets,
	author = {David Wetherall and Ulana Legedza and John Guttag},
	title = {Introducing New {I}nternet Services: Why and How},
	booktitle = {Network},
	year = {May/June 1998}
} 


@article{nox,
 author = {Gude, Natasha and others},
 title = {{N}{O}{X}: towards an operating system for networks},
 journal = {CCR},
 year = {2008},
}

@article{pushback,
author = {Ratul Mahajan and others},
title = {Controlling High Bandwidth Aggregates in the Network},
journal = {CCR},
year = {2001},
}

@INPROCEEDINGS{rb,
    author = {Mihai Dobrescu and others},
    title = {RouteBricks: Exploiting Parallelism to Scale Software Routers},
      booktitle = {SOSP}, 
    year = {2009}
}

@INPROCEEDINGS{ethane,
    author = {Mart\'{i}n Casado and others},
    title = {ETHANE: Taking Control of the Enterprise},
    booktitle = {CCR},
    year = {2007}
}

@INPROCEEDINGS{rbf,
    	author = {Lucian Popa and others},
	title = {Building Extensible Networks with Rule-based Forwarding ({RBF})},
    booktitle = {OSDI},    
year = {2010},
}

@INPROCEEDINGS{typednetworks,
	author = {Chitra Muthukrishnan and others},
	title = {Using Strongly Typed Networking to Architect for Tussle},
booktitle = {HotNets},
year = {2010}
}

@inproceedings{miro,
 author = {Xu, Wen and Rexford, Jennifer},
 title = {{MIRO}: multi-path interdomain routing},
 booktitle = {SIGCOMM},
 year = {2006},
}


@INPROCEEDINGS{snort,
    author = {Martin Roesch},
    title = {{Snort - Lightweight Intrusion Detection for Networks}},
    booktitle = {LISA},
    year = {1999},
}

@MISC{natpmp,
    author = {Stuart Cheshire and Marc Krochmal and Kiren Sekar},
    title = "{NAT} Port Mapping Protocol ({NAT-PMP})",
    howpublished = {{IETF} Draft (expired)},
    month = "April",
    year = 2008,
}

@MISC{rfcnat,
    author = {P. Srisuresh and K. Egevang},
    title = "{T}raditional {IP} {N}etwork {A}ddress {T}ranslator (Traditional {NAT})",
    howpublished = {RFC 3022}
}

@MISC{mboxtaxonomy,
    author = {B. Carpenter and S. Brim},
    title = "{M}iddleboxes: {T}axonomy and {I}ssues",
    howpublished = {RFC 3234}
}



@MISC{midcom,
    author = {M. Stiemerling and J. Quittek and T. Taylor},
    title = "Middlebox Communication ({MIDCOM}) Protocol Semantics",
    howpublished = {RFC 5189}
}

@MISC{ingressfilter,
    author = {P. Ferguson and  D. Senie},
    title = {{RFC 2267}: Network Ingress Filtering: Defeating Denial of Service Attacks which employ {IP} Source Address Spoofing},
    month = "January",
    year = 1998
}


@ARTICLE{sbgp,
    author = {Stephen Kent and others},
    title = {Secure Border Gateway Protocol ({S-BGP})},
    journal = {IEEE J-SAC},
    year = {2000},
}

@MISC{sobgp,
    author = {R. White},
    title = {Architecture and Deployment Considerations for Secure Origin {BGP} ({soBGP})},
    year = 2006,
    howpublished = {\url{http://tinyurl.com/ietfsobgp}}
}

@MISC{routeviews,
    title = {University of {Oregon} {RouteViews} {Project}},
    howpublished = {\url{http://www.routeviews.org}}
}

@MISC{caida_asgraph,
    title = {{CAIDA} {AS} Relationships},
    howpublished = {\url{http://www.caida.org/data/active/as-relationships/}}
}

@inproceedings{aip,
   author = {David G. Andersen and others},
   title = {{Accountable {I}nternet Protocol ({AIP})}},
   booktitle = {{SIGCOMM}},
   year = {2008}
}

@inproceedings{passport,
  author = {Xin Liu and others},
  title = {Passport: Secure and Adoptable Source Authentication},
  booktitle = {NSDI}, 
  year = 2008
}

@MISC{squid,
    author = {Visolve},
    title = {Transparent Caching using {Squid}},
    howpublished = {\url{http://www.visolve.com/squid/whitepapers/trans_caching.pdf}},
    year = 2006
}

@MISC{encryption,
    title = {Astaro: Security Gateway},
    howpublished = {\url{http://www.astaro.com}}
}

@MISC{logging,
    title = {{Narus: Real Time Traffic Intelligence}},
    howpublished = {\url{http://www.narus.com}} 
}

@MISC{riverbed,
    title = {{Riverbed: Application Acceleration}},
    howpublished = {\url{http://www.riverbed.com}}
}

@MISC{ids,
    title = {{Sourcefire: Network Security}},
    howpublished = {\url{http://www.sourcefire.com}}
}

@MISC{dlp,
    title = {{Symantec: Data Loss Protection}},
    howpublished = {\url{http://www.vontu.com}}
}

@MISC{rfccache,
    author = {D. Wessels and K. Claffy},
    title = {{RFC} 2186: {Internet} Cache Protocol ({ICP}), version 2},
    month = "September",
    year = 1997
}

@article{openflow,
 author = {McKeown, Nick and others},
 title = {{OpenFlow}: enabling innovation in campus networks},
 journal = {CCR},
 month = {March},
 year = {2008},
}

@inproceedings{morleyastraceroute,
 author = {Mao, Zhuoqing Morley and others},
 title = {Towards an accurate {AS}-level traceroute tool},
 booktitle = {{SIGCOMM}},
 year = {2003},
} 

@inproceedings{switchblade,
    author = {Muhammad Bilal Anwer and others},
    title = {SwitchBlade: A Platform for Rapid Deployment of Network Protocols on Programmable Hardware},
    booktitle = {{SIGCOMM}},
    year = {2010}
} 

@inproceedings{serverswitch,
    title = {ServerSwitch: A Programmable and High Performance Platform for Data Center Networks},
    author = {Guohan Lu and others},
    booktitle = {NSDI}, 
    year = {2011}
}

@inproceedings{packetshader,
 title = {PacketShader: A {GPU}-Accelerated Software Router},
 author = {Sangjin Han and others},
 booktitle = {{SIGCOMM}},
 year = {2010}
}

@inproceedings{hp-mbox,
title = {{No More Middlebox: Integrate Processing into Network}},
author = {Jeongkeun Lee, Jean Tourrilhes, Puneet Sharma, Sujata Banerjee},
booktitle = {Proc. SIGCOMM posters},
year = 2010
}

@misc{vyatta,
title = {Vyatta {S}oftware {M}iddlebox},
howpublished = {\url{http://www.vyatta.com}}
}

@misc{openvpn,
    title = {{OpenVPN}},
    howpublished = {\url{http://www.openvpn.com}}
}

@misc{vyattacost,
title = {Vyatta Appliance Cost Comparison},
howpublished = {\url{http://www.vyatta.com/sites/vyatta.com/files/pdfs/Vyatta_Cisco_Replacement_Guide_0.pdf}}
}

@misc{ciscopbr,
title = {Cisco Policy Based Routing},
howpublished = {\url{http://tinyurl.com/ciscopbr}}
@howpublished = {\url{http://www.cisco.com/en/US/products/ps6637/products_ios_protocol_option_home.html}}
}

@misc{failopennic,
title = {{Fail-open NIC}},
howpublished = {\url{www.silicom-usa.com/upload/Downloads/Product_93.pdf}}
}

@inproceedings{networkbilling,
title = {{On the 95-Percentile Billing Method}},
author = {Xenofontas Dimitropoulos and Paul Hurley and  Andreas Kind and Marc Stoecklin},
booktitle = {Proc.\ PAM},
year =2009
}


@article{akella-multihoming,
title = {{On the Performance Benefits of Multihoming Route Control}},
 author = {Aditya Akella and Bruce Maggs and Srinivasan Seshan and Anees Shaikh and Ramesh Sitaraman},
 journal = {IEEE/ACM Transactions on Networking},
month =  feb, 
year =2008
} 

@misc{packetscrubber,
title = {{Cisco DoS Prevention}},
howpublished = {\url{http://tinyurl.com/cicscodos}}
@howpublished = {\url{http://www.cisco.com/assets/cdc_content_elements/networking_solutions/service_provider/ddos_protection_sol/ddos_protection_sol_wp_0603.pdf}}
}

@misc{paloalto,
title = {Palo Alto Networks},
howpublished = {\url{http://www.paloaltonetworks.com/}
}
}

@inproceedings{cloudnaas,
title = {CloudNaaS: a cloud networking platform for enterprise applications},
author = {Theophilus Benson and Aditya Akella and  Anees Shaikh and Sambit Sahu},
booktitle = {Proc. SOCC},
year = 2011}

@misc{embrane,
title = {Embrane},
howpublished = {\url{http://www.embrane.com/}}
}

@inproceedings{osr,
author = {Krishna P. Gummadi and Harsha V. Madhyastha and Steven D. Gribble and Henry M. Levy and David Wetherall},
title = {{Improving the reliability of Internet paths with One-hop Source Routing}},
booktitle = {Proc.\ OSDI},
year = 2004

}

@inproceedings{asymmetry,
author = {{W. John, M. Dusi, and k. claffy,}},
title = {{Estimating Routing Symmetry on Single Links by Passive Flow Measurements}},
booktitle = {Proc.\  Workshop on TRaffic Analysis and Classification (TRAC)},
year = 2010
}

@misc{amazonec2,
title = {{Amazon EC2}},
howpublished = {\url{http://aws.amazon.com/ec2}}
}

@misc{amazondns,
title = {{Amazon Route 53}},
howpublished = {\url{http://aws.amazon.com/route53}}
}

@misc{amazoncloudfront,
title = {{Amazon Cloudfront}},
howpublished = {\url{http://aws.amazon.com/cloudfront}}
}

@misc{refreshcycle,
title = {One-Stop Security},
howpublished = {\url{http://www.pcmag.com/article2/0,2817,1829582,00.asp#fbid=eHC0T1KbMJp}}
}
@article{MABPPRST:08,
author = {{N. McKeown, T. Anderson, H. Balakrishnan, G. Parulkar, L. Peterson, J. Rexford, S. Shenker, and J. Turner}},
title = {{OpenFlow: enabling innovation in campus networks}},
journal = {ACM SIGCOMM Computer Communication Review},
volume = {38}, 
number = {2},
pages = {69--74},
month = April,
year= 2008
}
@article{GHH:09,
title = {{Flow Processing and the Rise of Commodity Network Hardware}},
author = {Adam Greenlagh and Mark Handley and Mickael Hoerdt and Felipe Huici and Laurent Mathy and Panagiotis Papadimitriou},
journal = {ACM CCR},
month = apr,
year = 2009
}

@misc{ec2prefixes,
title  = {IP prefixes advertised on AWS Direct Connect public connections },
howpublished = {\url{https://forums.aws.amazon.com/ann.jspa?annID=1316}}
}

@inproceedings{stanfordmbox,
author = {{G. Gibb, and H. Zen and N. McKeown}},
title = {{Initial Thoughts on the Waypoint Service}},
booktitle = {Proc.\ Workshop on Infrastructures for Software/Hardware co-design (WISH)},
year = 2011
}
@inproceedings{AGASS:08,
author = {Ashok Anand and Archit Gupta and Aditya Akella and Srinivasan Seshan and Scott Shenker},
title = {{Packet Caches on Routers: The Implications of    Universal Redundant Traffic Elimination}},
booktitle = {Proc. of SIGCOMM},
year =2008
}

@inproceedings{nanodc,
title = {{Greening the internet with nano data centers}},
author  = {{V. Valancius, N. Laoutaris, L.  Massouli'e, C. Diot, and P. Rodriguez}},
booktitle = {Proc.\ CoNEXT},
 year = 2009
}

@misc{amazonbrazil,
title = {{Amazon Web Services} Launches {B}razil Datacenters for Its Cloud Computing Platform}, 
howpublished = {\url{http://tinyurl.com/amazonbrazil}}
@howpublished  = {\url{http://phx.corporate-ir.net/phoenix.zhtml?c=176060&p=irol-newsArticle&ID=1639908&highlight=}}
} 

@MISC{domextrace,
  title = {M57 Packet traces},
  howpublished = {\url{https://domex.nps.edu/corp/scenarios/2009-m57/net/}},
  key = {m57}
}

