
@inproceedings{rocketfuel,
author = {Neil Spring and Ratul Mahajan and David Wetherall},
title  = {{Measuring ISP Topologies with Rocketfuel}},
booktitle = {Proc. of ACM SIGCOMM},
year=2002
} 

@article{rabinkarp,
  title={The Rabin--Karp algorithm},
  author={Cormen, T.H. and Leiserson, C.E. and Rivest, R.L. and Stein, C.},
  journal={Introduction to Algorithms},
  pages={},
  year={2001}
}


@inproceedings{oflops,
  title={Oflops: An open framework for openflow switch evaluation},
  author={Rotsos, C. and Sarrar, N. and Uhlig, S. and Sherwood, R. and Moore, A.},
  booktitle = {Proc.\ PAM},
  pages={},
  year={2012},
 }



@inproceedings{consistentupdate,
 author = {Reitblatt, Mark and Foster, Nate and Rexford, Jennifer and Schlesinger, Cole and Walker, David},
 title = {Abstractions for network update},
 booktitle = {Proc.\ SIGCOMM},
 year = {2012},
 }

@inproceedings{consistentupdatel,
 author = {Reitblatt, Mark and Foster, Nate and Rexford, Jennifer and Schlesinger, Cole and Walker, David},
 title = {Abstractions for network update},
 booktitle = {Proceedings of the ACM SIGCOMM 2012 conference on Applications, technologies, architectures, and protocols for computer communication},
 series = {SIGCOMM '12},
 year = {2012},
 isbn = {978-1-4503-1419-0},
 location = {Helsinki, Finland},
 pages = {323--334},
 numpages = {12},
 url = {http://doi.acm.org/10.1145/2342356.2342427},
 doi = {10.1145/2342356.2342427},
 acmid = {2342427},
 publisher = {ACM},
 address = {New York, NY, USA},
 keywords = {consistency, frenetic, network programming languages, openflow, planned change, software-defined networking},
} 

 

@inproceedings{comb,
    author = {{V. Sekar et~al.}},
    title = {{Design and Implementation of a Consolidated Middlebox Architecture}},
    booktitle = {Proc.\ NSDI},
    year = {2012}
}


@inproceedings{olteanu:sigcomm12poster,
title = {{Scaling middleboxes with OpenFlow}},
author  = {{V. Olteanu and C. Raiciu}},
booktitle = {Proc.\ SIGCOMM posters},
year = 2012
}

@inproceedings{multitcpmbox,
  title={{Is it still possible to extend TCP?}},
  author={Honda, M. and Nishida, Y. and Raiciu, C. and Greenhalgh, A. and Handley, M. and Tokuda, H.},
  booktitle={Proc.\ SIGCOMM}, 
  pages={},
  year={2011},
}

@inproceedings{zhang00,
  title={{Detecting stepping stones}},
  author={Zhang, Y. and Paxson, V.},
  booktitle={Proc.\ USENIX Security Symposium},
  volume={},
  pages={},
  year={2000}
}
% 171, 184
@inproceedings{feldmann,
    author = {{A. Feldmann et~al}},
    title = {{Deriving Traffic Demands for Operational {IP} Networks: Methodology and Experience}},
    booktitle = {Proc.\ SIGCOMM},
    year = 2000,
}

@inproceedings{headerspace,
  title={{Header space analysis: Static checking for networks}},
  author={Kazemian, P. and Varghese, G. and McKeown, N.},
  booktitle={Proc.\ NSDI},
  year={2012}
}

@inproceedings{vcrib,
  title={{vCRIB: Virtualized Rule Management in the Cloud}},
  author={Moshref, M. and Yu, M. and Sharma, A. and Govindan, R.},
  booktitle={Proc.\ NSDI},
  year={2013 (To Appear)}
}

@inproceedings{jrex-nsdi,
  title={{Composing Software Defined Networks}},
  author={Canini, M. and Venzano, D. and Peresini, P. and Kostic, D. and Rexford, J.},
  booktitle={Proc.\ NSDI},
  year={2013 (To Appear)}
}

@misc{sdncloudsurvey,
title = {{2012 Cloud Networking Report}},
howpublished = {\url{http://www.webtorials.com/content/2012/11/2012-cloud-networking-report.html}}}
@misc{metzler,
title = {{2012 Cloud Networking Report}},
howpublished = {\url{http://bit.ly/XcX0LZ}}
 
@misc{metzlerl,
title = {{2012 Cloud Networking Report}},
howpublished = {\url{http://www.webtorials.com/content/2012/11/2012-cloud-networking-report.html}}}


@misc{onfreportl,
title = {{ONF Expands Scope; Drives Technical Work Forward}},
howpublished = {\url{https://www.opennetworking.org/media/press-releases/564-onf-expands-scope-drives-technical-work-forward}}}

@misc{onfreport,
title = {{ONF Expands Scope; Drives Technical Work Forward}},
howpublished = {\url{http://bit.ly/YJeh6a}}
}


@misc{openflowstd,
title = {OpenFlow standard},
howpublished = {\url{http://www.openflow.org/documents/openflow-spec-v1.1.0.pdf}}
}

@misc{sdnclarify,
title = {{An attempt to motivate and clarify Software-Defined Networking (SDN) }},
howpublished = {\url{http://www.youtube.com/watch?v=WVs7Pc99S7w}}
}

@INPROCEEDINGS{aplomblong,
  author = {Justine Sherry and Shaddi Hasan and Colin Scott and Arvind Krishnamurthy
	and Sylvia Ratnasamy and Vyas Sekar},
  title = {Making Middleboxes Someone Else's Problem: Network Processing as
	a Cloud Service},
  booktitle = {Proc.\ SIGCOMM},
  year = {2012},
  series = {SIGCOMM}
}

@INPROCEEDINGS{aplomb,
  author = {{J. Sherry et~al}},
  title = {{Making Middleboxes Someone Else's Problem: Network Processing as
	a Cloud Service}},
  booktitle = {Proc.\ SIGCOMM},
  year = {2012},
}


@inproceedings{learnpolicy,
title = {{What's going on?: learning communication rules in edge networks}},
author = {Srikanth Kandula and Ranveer Chandra and Dina Katabi},
year = 2008,
booktitle = {Proc.\ SIGCOMM}
}


@inproceedings{axiomatic,
title = {{An axiomatic basis for communication}},
author = {Martin Karsten and Srinivasan Keshav and Sanjiva Prasad and Mirza Beg},
booktitle = {Proc.\ SIGCOMM},
year= 2007
}


@inproceedings{pace,
title = {{PACE: Policy-Aware Application Cloud Embedding}},
author = {{Erran Li et~al}},
booktitle = { Proc. IEEE INFOCOM},
year =2013
}

@inproceedings{jrex-nsdi,
title = {{Composing Software Defined Networks}},
author = {Christopher Monsanto and Joshua Reich and Nate Foster and Jennifer Rexford and David Walker},
booktitle = {Proc.\ NSDI},
year =2013
}

@inproceedings{vcrib,
title = {{Scalable Rule Management for Data Centers}},
author = {Masoud Moshref and Minlan Yu and Abhishek Sharma and Ramesh Govindan},
booktitle = {Proc.\ NSDI},
year = {2013 (To Appear)}
}

misc{emulab,
title = {Emulab},
howpublished = {\url{http://www.emulab.net/}}
}

@misc{openvswitch,
title = {{Open vSwitch}},
howpublished = {\url{http://openvswitch.org/}}
}


@inproceedings{jenlb,
 author = {Wang, Richard and Butnariu, Dana and Rexford, Jennifer},
 title = {{OpenFlow-based server load balancing gone wild}},
 booktitle = {Proc.\ Hot-ICE},
 year = {2011},
 } 


@misc{click,
title = {{Click Modular Router}},
howpublished = {\url{http://www.read.cs.ucla.edu/click/click}}
}

@misc{pox,
title = {{POX Controller}},
howpublished = {\url{http://www.noxrepo.org/pox/about-pox/}}}


@misc{emulab,
title = {{Emulab}},
howpublished = {\url{http://www.emulab.net/}}
}





@inproceedings{akella,
 author = {Gember, Aaron and Prabhu, Prathmesh and Ghadiyali, Zainab and Akella, Aditya},
 title = {{Toward software-defined middlebox networking}},
 booktitle = {Proc.\ HotNets-XI},
 year = {2012},
} 


@inproceedings{msrlb,
 author = {{P. Gill et~al}},
 title = {Understanding network failures in data centers: measurement, analysis, and implications},
 booktitle = {Proc.\ SIGCOMM},
 year = {2011},
 } 


@inproceedings{openflowlb11,
title = {{Openflow-based server load balancing gone wild}},
author = {{R. Wang, D. Butnariu, and J. Rexford}},
booktitle = {Proc.\ Hot-ICE},
year = 2011
}

@misc{openflowstd,
title = {OpenFlow standard},
howpublished = {\url{http://www.openflow.org/documents/openflow-spec-v1.1.0.pdf}}
}
@misc{sdnclarify,
title = {{An attempt to motivate and clarify Software-Defined Networking (SDN) }},
howpublished = {\url{http://www.youtube.com/watch?v=WVs7Pc99S7w}}
}

@inproceedings{learnpolicy,
title = {{What's going on?: learning communication rules in edge networks}},
author = {Srikanth Kandula and Ranveer Chandra and Dina Katabi},
year = 2008,
booktitle = {Proc.\ SIGCOMM}
}



@misc{sdnl4l,
title = {{SDN 2013: Market will address Layer 4-7 services}},
howpublished = {\url{http://searchnetworking.techtarget.com/news/2240175970/Networking-outlook-Controllers-Layer-4-7-will-roil-SDN-2013-market}}
}


@misc{sdnl4,
title = {SDN 2013: Market will address Layer 4-7 services},
howpublished = {\url{http://bit.ly/TmuHOK}}
}


@misc{quantcast,
title = {Top million US websites},
howpublished = {\url{http://ak.quantcast.com/quantcast-top-million.zip}}
}

@inproceedings{morleymao,
 author = {Wang, Zhaoguang and Qian, Zhiyun and Xu, Qiang and Mao, Zhuoqing and Zhang, Ming},
 title = {An untold story of middleboxes in cellular networks},
 booktitle = {Proc.\ SIGCOMM},
 year = {2011},
} 

@inproceedings{conext12,
 author = {Heorhiadi, Victor and Reiter, Michael K. and Sekar, Vyas},
 title = {New opportunities for load balancing in network-wide intrusion detection systems},
 booktitle = {Proc.\ CoNEXT},
 year = {2012},
} 


@inproceedings{difane,
 author = {Yu, Minlan and Rexford, Jennifer and Freedman, Michael J. and Wang, Jia},
 title = {{Scalable flow-based networking with DIFANE}},
 booktitle = {Proc.\ SIGCOMM},
 year = {2010},
} 

@inproceedings{difanel,
 author = {Yu, Minlan and Rexford, Jennifer and Freedman, Michael J. and Wang, Jia},
 title = {Scalable flow-based networking with DIFANE},
%booktitle = {Proceedings of the ACM SIGCOMM 2010 conference},
 series = {Proc.\ SIGCOMM},
 year = {2010},
 isbn = {978-1-4503-0201-2},
 location = {New Delhi, India},
 pages = {351--362},
 numpages = {12},
 url = {http://doi.acm.org/10.1145/1851182.1851224},
 doi = {10.1145/1851182.1851224},
 acmid = {1851224},
 publisher = {ACM},
 address = {New York, NY, USA},
 keywords = {access control, network architecture, openflow, scalability},
} 




%%%%%%% from box.bib %%%%%

@inbook{xombold,
author = {James Anderson},
title = {{Consistent Cloud Computing Storage as the Basis for Distributed Applications}},
chapter = {7},
publisher = {University of California, San Diego},
year = 2012
}


@inproceedings{xomb,
  author = {Anderson, James W. and Braud, Ryan and Kapoor, Rishi and Porter, George and Vahdat, Amin},
  title = {{xOMB: extensible open middleboxes with commodity servers.}},
  booktitle = {Proc.\ ANCS},
  year = 2012

 }


@misc{middleboxmarket2,
title = {World Enterprise Network Security Markets},
howpublished = {\url{http://bit.ly/gYW4Us}}
}
@misc{middleboxmarket2long,
title = {{World Enterprise Network and Data Security Markets}},
howpublished = {\url{http://www.abiresearch.com/press/3591-Enterprise+Network+and+Data+Security+Spending+Shows+Remarkable+Resilience}}
}
@inproceedings{DEAC:09,
title = {{RouteBricks: Exploiting Parallelism to Scale Software  Routers}},
author = {{M. Dobrescu et~al}},
booktitle = {Proc.\ SOSP},
year = 2009
}

@inproceedings{DEAC:09l,
title = {{RouteBricks: Exploiting Parallelism to Scale Software  Routers}},
author = {Mihai Dobrescu and Norbert Egi and Katerina Argyraki and Byung-Gon Chun and Kevin Fall and Gianluca Iannaccone and Allan Knies and Maziar Manesh and Sylvia Ratnasamy},
booktitle = {Proc.\ SOSP},
year = 2009
}



@inproceedings{DEAC:09short,
title = {{RouteBricks: Exploiting Parallelism to Scale Software  Routers}},
author = {{M. Dobrescu et~al}},
booktitle = {Proc.\ SOSP},
year = 2009
}

@misc{simco,
title= {{NEC's Simple Middlebox Configuration (SIMCO) Protocol}},
howpublished = {RFC 4540}
}


%%% from csamp %%%
@inproceedings{JTS:08,
author = { Dilip A. Joseph and Arsalan Tavakoli and Ion Stoica},
title ={{A Policy-aware Switching Layer for Data Centers}},
booktitle = {Proc.\ SIGCOMM},
year = 2008
}

@inproceedings{RHCSS:10,
author = {{S. Raza et~al}},
title = {{MeasuRouting: A Framework for Routing Assisted Traffic Monitoring}},
booktitle = {Proc.\ INFOCOM},
year = 2010
}
%%% from aplomb.bib %%%

@inproceedings{player,
 author = {Joseph, Dilip A. and Tavakoli, Arsalan and Stoica, Ion},
 title = {A policy-aware switching layer for data centers},
 booktitle = {Proc.\ SIGCOMM},
 year = {2008},
} 
 
@inproceedings{sekarhotnets,
 author = {{V. Sekar et~al}},
 title = {The middlebox manifesto: enabling innovation in middlebox deployment},
 booktitle = {Proc.\ HotNets},
 year = {2011},
}

@inproceedings{sekarhotnetsl,
 author = {Sekar, Vyas and Ratnasamy, Sylvia and Reiter, Michael K. and Egi, Norbert and Shi, Guangyu},
 title = {The middlebox manifesto: enabling innovation in middlebox deployment},
 booktitle = {Proc.\ HotNets},
 year = {2011},
} 

 
@inproceedings{mboxnsdilong,
    author = {Vyas Sekar and Norbert Egi and Sylvia Ratnasamy and Michael Reiter and Guangyu Shi},
    title = {Design and Implementation of a Consolidated Middlebox Architecture},
    booktitle = {Proc.\ NSDI},
    year = {2012}
}

@inproceedings{gibb,
    author = {Glen Gibb and Hongyi Zeng and Nick McKeown},
    title = {{Outsourcing Network Functionality}},
    booktitle = {Proc.\ HotSDN},
    year = {2012}
}

@inproceedings{GHH:09,
title = {{Flow Processing and the Rise of Commodity Network Hardware}},
author = {{A. Greenlagh et~al}},
booktitle = {CCR},
year = 2009
}

@article{GHH:09l,
title = {{Flow Processing and the Rise of Commodity Network Hardware}},
author = {Adam Greenlagh and Mark Handley and Mickael Hoerdt and Felipe Huici and Laurent Mathy and Panagiotis Papadimitriou},
journal = {ACM CCR},
month = apr,
year = 2009
}



@misc{paloalto,
title = {{Palo Alto Networks}},
howpublished = {\url{http://www.paloaltonetworks.com/}
}
}

@MISC{mininet,
    title = {Mininet},
    howpublished={\url{http://yuba.stanford.edu/foswiki/bin/view/OpenFlow/Mininet}}
}

@ARTICLE{modelingmboxes, 
author={Joseph, D. and Stoica, I.}, 
journal={{IEEE Network}}, 
title={Modeling middleboxes}, 
year={2008}, 
}


@ARTICLE{modelingmboxesl, 
author = {Joseph, D. and Stoica, I.},
 title = {Modeling middleboxes},
 journal = {Netwrk. Mag. of Global Internetwkg.},
 issue_date = {September 2008},
 volume = {22},
 number = {5},
 month = sep,
 year = {2008},
 issn = {0890-8044},
 pages = {20--25},
 numpages = {6},
 url = {http://dx.doi.org/10.1109/MNET.2008.4626228},
 doi = {10.1109/MNET.2008.4626228},
 acmid = {2329927},
 publisher = {IEEE Press},
 address = {Piscataway, NJ, USA},
}


@inproceedings{nox,
 author = {Gude, Natasha and others},
 title = {{N}{O}{X}: towards an operating system for networks},
 booktitle = {CCR},
 year = {2008},
}

@INPROCEEDINGS{bro,
    author = {Vern Paxson},
    title = {Bro: A System for Detecting Network Intruders in Real-Time},
    booktitle = {Computer Networks},
    year = {1999},
    pages = {2435--2463}
}
@inproceedings{cloudnaas,
title = {CloudNaaS: a cloud networking platform for enterprise applications},
author = {Theophilus Benson and Aditya Akella and  Anees Shaikh and Sambit Sahu},
booktitle = {Proc.\ SOCC},
year = 2011}

@inproceedings{onix,
    title = {{Onix: A Distributed Control Platform for Large-scale Production Network}},
    author = {Teemu Koponen and others},
    booktitle = {Proc.\ {OSDI}},
    year = {2010}
}

@INPROCEEDINGS{ethaneccr,
    author = {Mart\'{i}n Casado and others},
    title = {ETHANE: Taking Control of the Enterprise},
    booktitle = {CCR},
    year = {2007}
}

@inproceedings{ettm,
 author = {{C. Dixin et~al}},
 title = {{ETTM}: a scalable fault tolerant network manager},
 booktitle = {Proc.\ NSDI},
 year = {2011},
}

@inproceedings{ettml,
 author = {Dixon, Colin and Uppal, Hardeep and Brajkovic, Vjekoslav and Brandon, Dane and Anderson, Thomas and Krishnamurthy, Arvind},
 title = {{ETTM}: a scalable fault tolerant network manager},
 booktitle = {Proc.\ NSDI},
 year = {2011},
} 
 
@MISC{midcom,
    author = {M. Stiemerling and J. Quittek and T. Taylor},
    title = "Middlebox Communication ({MIDCOM}) Protocol Semantics",
    howpublished = {RFC 5189}
}

%%% from ids.bib %%%

%%% from paper.bib %%%

@inproceedings{ethane,
	Author = {Mart\'{i}n Casado and others},
	Booktitle = {Proc.\ SIGCOMM},
	Title = {Ethane: Taking Control of the Enterprise},
	Year = {2007}}



@inproceedings{Casado07,
	Author = {{M. Casado et~al}},
	Booktitle = {Proc.\ SIGCOMM},
	Date-Added = {2009-03-01 10:36:40 -0500},
	Date-Modified = {2009-03-01 10:43:38 -0500},
	Title = {Ethane: Taking Control of the Enterprise},
	Year = {2007}}
@inproceedings{Curtis11long,
	Author = {Andrew R. Curtis and Jeffrey C. Mogul and Jean Tourrilhes and Praveen Yalagandula and Puneet Sharma and Sujata Banerjee},
	Booktitle = {SIGCOMM},
	Date-Added = {2011-07-16 16:48:26 +0000},
	Date-Modified = {2011-07-16 16:48:26 +0000},
	Title = {DevoFlow: {S}caling Flow Management for High-Performance Networks},
	Year = {2011}}

@inproceedings{Curtis11,
	Author = {{A. R. Curtis et~al}},
	Booktitle = {SIGCOMM},
	Date-Added = {2011-07-16 16:48:26 +0000},
	Date-Modified = {2011-07-16 16:48:26 +0000},
	Title = {DevoFlow: {S}caling Flow Management for High-Performance Networks},
	Year = {2011}}


@inproceedings{microte,
 author = {Benson, Theophilus and Anand, Ashok and Akella, Aditya and Zhang, Ming},
 title = {The case for fine-grained traffic engineering in data centers},
 booktitle = {Proc.\ INM/WREN},
 year = {2010},
} 


%%% from csampt.bib %%%
% empty

%%% from smartre.bib %%%
@inproceedings{SET,
   author = {Himabindu Pucha and David G. Andersen and Michael Kaminsky},
   title = {{Exploiting Similarity for Multi-Source Downloads using File
	Handprints}},
   booktitle = {Proc.\ {NSDI}},
   year = {2007}
}


@inproceedings{microte,
 author = {Benson, Theophilus and Anand, Ashok and Akella, Aditya and Zhang, Ming},
 title = {The case for fine-grained traffic engineering in data centers},
 booktitle = {Proc.\ INM/WREN},
  year = {2010},
 } 


%%% from minimalist.bib %%%
% empty

