%% This BibTeX bibliography file was created using BibDesk.
%% http://bibdesk.sourceforge.net/


%% Created for Minlan Yu at 2011-07-22 23:33:29 -0400 


%% Saved with string encoding Unicode (UTF-8) 


@string{acmtcs = {ACM Trans. Computer Systems}}

@string{aw = {Addison-Wesley}}

@string{cacm = {Communications of the ACM}}

@string{cc = {Computer Communications}}

@string{cnisdn = {Computer Networks and ISDN Systems}}

@string{computer = {IEEE Computer Magazine}}

@string{conext = {Proc. CoNext}}

@string{cp = {Cisco Press}}

@string{cx = {ConneXions}}

@string{ftcs = {Proc. International Symposium on Fault-Tolerant Computing}}

@string{ginet = {Proc. IEEE Global Internet Symposium}}

@string{globecom = {Proc. IEEE GLOBECOM}}

@string{hotnets = {Proc. SIGCOMM Workshop on Hot Topics in Networking}}

@string{hsnmc = {Proc. High Speed Networking and Multimedia Computing Symp.}}

@string{icc = {Proc. International Conference on Communications}}

@string{icnp = {Proc. International Conference on Network Protocols}}

@string{ieeecom = {IEEE Communication Magazine}}

@string{ieeejsac = {IEEE J. Selected Areas in Communications}}

@string{ieeenet = {IEEE Network Magazine}}

@string{ieeetcom = {IEEE Trans. Communications}}

@string{ieeetit = {IEEE Trans. Information Theory}}

@string{ieeetn = {IEEE/ACM Trans. Networking}}

@string{ijcs = {International Journal on Communication Systems}}

@string{ijdacs = {International Journal on Digital and Analog Communication Systems}}

@string{imc = {Proc. Internet Measurement Conference}}

@string{imw = {Proc. Internet Measurement Workshop}}

@string{inet = {Proc. INET}}

@string{infocom = {Proc. IEEE INFOCOM}}

@string{internetwork = {Journal of Internetworking: Research and Experience}}

@string{ipj = {Internet Protocol Journal}}

@string{itcom = {Proc. Workshop on Scalability and Traffic Control in IP Networks, SPIE ITCOM Conference}}

@string{jacm = {J. of the ACM}}

@string{mta = {Multimedia Tools and Applications}}

@string{ndss = {Proc. Network and Distributed Systems Security, Internet Society}}

@string{nsdi = {Proc. Networked Systems Design and Implementation}}

@string{openarch = {Proc. IEEE OpenArch}}

@string{or = {O'Reilly}}

@string{osdi = {Proc. Symposium on Operating Systems Design and Implementation}}

@string{ph = {Prentice Hall}}

@string{pieee = {Proceedings of the IEEE}}

@string{sigcomm = {Proc. ACM SIGCOMM}}

@string{sigmetrics = {Proc. ACM SIGMETRICS}}

@string{sosp = {Proc. Symposium on Operating Systems Principles}}

@string{stoc = {Proc. ACM Symposium on Theory of Computing}}

@string{tpds = {IEEE Transactions on Parallel and Distributed Systems}}


@inproceedings{Alfares10,
	Author = {Al-Fares and M., Radhakrishnan and S., Raghavan and B., Huang, N. and Vahdat, A},
	Booktitle = {NSDI},
	Date-Added = {2011-07-22 20:57:32 +0000},
	Date-Modified = {2011-07-22 20:57:32 +0000},
	Title = {Hedera: {D}ynamic Flow Scheduling for Data Center Networks},
	Year = {2010}}

@misc{SNAC,
	Date-Added = {2011-07-22 16:27:03 +0000},
	Date-Modified = {2011-07-22 16:27:46 +0000},
	Howpublished = {\url{http://snacsource.org}},
	Title = {SNAC},
	Year = {2010}}

@inproceedings{Hinrichs09,
	Author = {Timothy L. Hinrichs and Natasha S. Gude and Martin Casado and John C. Mitchell and Scott Shenker},
	Booktitle = {WREN},
	Date-Added = {2011-07-22 16:26:02 +0000},
	Date-Modified = {2011-07-22 16:26:47 +0000},
	Title = {Practical declarative network management},
	Year = {2009}}

@inproceedings{Foster11,
	Author = {Nate Foster and Rob Harrison and Michael J. Freedman and Christopher Monsanto and Jennifer Rexford and Alec Story and David Walker},
	Booktitle = {ICFP},
	Date-Added = {2011-07-22 15:27:22 +0000},
	Date-Modified = {2011-07-22 15:28:44 +0000},
	Title = {Frenetic: {A} Network Programming Language},
	Year = {2011}}

@techreport{Cai10,
	Author = {Zheng Cai and Alan L. Cox and T. S. Eugene Ng},
	Date-Added = {2011-07-22 15:23:38 +0000},
	Date-Modified = {2011-07-22 15:29:02 +0000},
	Institution = {Rice University},
	Title = {Maestro: {A} system for scalable {O}pen{F}low control},
	Year = {2010}}

@inproceedings{Lamport98,
	Author = {Leslie Lamport},
	Booktitle = {TOCS},
	Date-Added = {2011-07-22 14:59:08 +0000},
	Date-Modified = {2011-07-22 15:04:16 +0000},
	Title = {The part-time parliament},
	Year = {1998}}

@misc{memcached,
	Date-Added = {2011-07-22 14:49:32 +0000},
	Date-Modified = {2011-07-22 14:51:28 +0000},
	Howpublished = {\url{http://memcached.org}},
	Title = {memcached: A distributed memory object caching system}}

@inproceedings{Stoica01,
	Author = {Ion Stoica and Robert Morris and David Karger and M. Frans Kaashoek and Hari Balakrishnan},
	Booktitle = {SIGCOMM},
	Date-Added = {2011-07-22 14:47:08 +0000},
	Date-Modified = {2011-07-23 03:27:23 +0000},
	Title = {Chord: {A} Scalable Peer-to-peer Lookup Service for {I}nternet Applications},
	Year = {2001}}

@book{osbook,
	Author = {Andrew S. Tanenbaum},
	Date-Added = {2011-07-19 20:27:40 +0000},
	Date-Modified = {2011-07-19 20:29:30 +0000},
	Publisher = {Pearson Prentice Hall},
	Title = {Modern Operating Systems},
	Year = {2008}}

@inproceedings{Herlihy90,
	Author = {M. P. Herlihy and J. M. Wing},
	Booktitle = {ACM Trans. Programming Lang. Sys},
	Date-Added = {2011-07-19 03:47:00 +0000},
	Date-Modified = {2011-07-19 03:47:42 +0000},
	Title = {Linearizability: {A} correctness condition for concurrent objects},
	Year = {1990}}

@inproceedings{Koponen10,
	Author = {Teemu Koponen and Martin Casado and Natasha Gude and Jeremy Stribling and Leon Poutievski and Min Zhu and Rajiv Ramanathan and Yuichiro Iwata and Hiroaki Inoue and Takayuki Hama and Scott Shenker},
	Booktitle = {OSDI},
	Date-Added = {2011-07-16 16:48:37 +0000},
	Date-Modified = {2011-07-16 16:48:37 +0000},
	Title = {Onix: {A} distributed control platform for large-scale production networks},
	Year = {2010}}
@inproceedings{Curtis11long,
	Author = {Andrew R. Curtis and Jeffrey C. Mogul and Jean Tourrilhes and Praveen Yalagandula and Puneet Sharma and Sujata Banerjee},
	Booktitle = {SIGCOMM},
	Date-Added = {2011-07-16 16:48:26 +0000},
	Date-Modified = {2011-07-16 16:48:26 +0000},
	Title = {DevoFlow: {S}caling Flow Management for High-Performance Networks},
	Year = {2011}}



@inproceedings{Curtis11,
	Author = {{A. R. Curtis et~al}},
	Booktitle = {SIGCOMM},
	Date-Added = {2011-07-16 16:48:26 +0000},
	Date-Modified = {2011-07-16 16:48:26 +0000},
	Title = {DevoFlow: {S}caling Flow Management for High-Performance Networks},
	Year = {2011}}

@inproceedings{Popa10,
	Author = {Lucian Popa and Minlan Yu and Steven Y. Ko and Sylvia Ratnasamy and Ion Stoica},
	Booktitle = {HOTNETS},
	Date-Added = {2011-06-08 01:35:19 +0000},
	Date-Modified = {2011-06-08 01:36:27 +0000},
	Title = {Cloud{P}olice: {T}aking Access Control out of the Network},
	Year = {2010}}

@inproceedings{Sylvia06,
	Author = {Sylvia Ratnasamy and Andrey Ermolinskiy and Scott Shenker},
	Booktitle = {ACM SIGCOMM},
	Date-Added = {2011-06-01 20:39:18 +0000},
	Date-Modified = {2011-06-01 20:39:49 +0000},
	Title = {Revisiting {IP} Multicast}}

@inproceedings{Esteve08,
	Author = {Christian Esteve and Fabio L. Verdi and Mauricio F. Magalhaes},
	Booktitle = {ReArch Workshop},
	Date-Added = {2011-06-01 20:37:13 +0000},
	Date-Modified = {2011-06-01 20:37:56 +0000},
	Title = {Towards a new generation of information-oriented internetworking architectures},
	Year = {2008}}

@book{aldousfill,
	Author = {David Aldous and Jim Fill},
	Date-Added = {2011-06-01 20:21:25 +0000},
	Date-Modified = {2011-06-01 20:31:34 +0000},
	Publisher = {Book in preparation},
	Title = {Reversible Markov Chains and Random Walks on Graphs},
	Year = {2001}}

@inproceedings{Yu09-buffalo,
	Author = {Minlan Yu and Alex Fabrikant and Jennifer Rexford},
	Booktitle = {CoNEXT},
	Date-Added = {2011-06-01 20:14:41 +0000},
	Date-Modified = {2011-06-01 20:15:29 +0000},
	Title = {{BUFFALO}: Bloom Filter Forwarding Architecture for Large Organizations},
	Year = {2009}}

@inproceedings{Yu11-vlan,
	Author = {Minlan Yu and Xin Sun and Nick Feamster and Sanjay Rao and Jennifer Rexford},
	Booktitle = {IEEE Communications Magazine},
	Date-Added = {2011-06-01 20:12:04 +0000},
	Date-Modified = {2011-06-01 20:13:53 +0000},
	Title = {A survey of {VLAN} usage in campus networks},
	Year = {2011}}

@inproceedings{Yu11-snap,
	Author = {Minlan Yu and Albert Greenberg and Dave Maltz and Jennifer Rexford and Lihua Yuan and Srikanth Kandula and Changhoon Kim},
	Booktitle = {NSDI},
	Date-Added = {2011-06-01 19:05:21 +0000},
	Date-Modified = {2011-06-01 20:11:22 +0000},
	Title = {Profiling network performance for multi-tier data center applications},
	Year = {2011}}

@inproceedings{Yu10-difane,
	Author = {Minlan Yu and Jennifer Rexford and Michael J. Freedman and Jia Wang},
	Booktitle = {{SIGCOMM}},
	Date-Added = {2011-06-01 19:04:14 +0000},
	Date-Modified = {2011-06-13 20:38:36 +0000},
	Journal = {ACM SIGCOMM},
	Month = {August},
	Title = {Scalable Flow-Based Networking with {DIFANE}},
	Year = {2010}}

@misc{httpbuf,
	Date-Added = {2011-01-29 14:23:40 -0500},
	Date-Modified = {2011-01-29 14:24:12 -0500},
	Howpublished = {\url{http://blogs.msdn.com/b/wndp/archive/2006/08/15/http-sys-buffering.aspx}}}

@article{Diwan11,
	Author = {Amer Diwan and Richard L Sites},
	Date-Added = {2011-01-21 11:16:55 -0500},
	Date-Modified = {2011-01-21 11:18:02 -0500},
	Journal = {Unpublished report},
	Title = {Clock Alignment for Large Distributed Services},
	Year = {2011}}

@inproceedings{Kandula09-imc,
	Author = {Srikanth Kandula and Sudipta Sengupta and Albert Greenberg and Parveen Patel and Ronnie Chaiken},
	Booktitle = IMC,
	Date-Added = {2010-09-22 11:23:20 -0700},
	Date-Modified = {2010-09-22 11:24:08 -0700},
	Title = {The Nature of Datacenter Traffic: {M}easurements and Analysis},
	Year = 2009}

@misc{httpsys,
	Date-Added = {2010-09-21 13:46:28 -0700},
	Date-Modified = {2010-09-21 13:47:29 -0700},
	Howpublished = {\url{http://blogs.msdn.com/b/wndp/archive/2006/08/15/http-sys-buffering.aspx}}}

@misc{rfc1323,
	Date-Added = {2010-09-21 10:13:34 -0700},
	Date-Modified = {2010-09-21 10:13:49 -0700},
	Howpublished = {\url{http://tools.ietf.org/rfc/rfc1323.txt}}}

@book{Sarndal92,
	Author = {Sarndal, C.E. and Swensson, B. and Wretman, J.},
	Date-Added = {2010-09-19 23:46:30 -0700},
	Date-Modified = {2010-09-19 23:47:47 -0700},
	Publisher = {Springer-Verlag},
	Title = {Model Assisted Survey Sampling},
	Year = {1992}}

@book{pca,
	Author = {Jolliffe, I.T.},
	Date-Added = {2010-09-19 23:46:30 -0700},
	Date-Modified = {2010-09-19 23:47:47 -0700},
	Publisher = {Springer-Verlag},
	Title = {Principal Component Analysis},
	Year = {1986}}

@misc{syslog,
	Date-Added = {2010-09-14 14:42:59 -0700},
	Date-Modified = {2010-09-14 14:43:05 -0700},
	Howpublished = {\url{http://datatracker.ietf.org/wg/syslog/charter/}}}

@misc{snmp,
	Date-Added = {2010-09-14 14:38:39 -0700},
	Date-Modified = {2010-09-14 14:38:47 -0700},
	Howpublished = {\url{http://www.cisco.com/en/US/docs/internetworking/technology/handbook/SNMP.html}}}

@misc{estats,
	Date-Added = {2010-09-14 14:35:35 -0700},
	Date-Modified = {2010-09-14 14:35:44 -0700},
	Howpublished = {\url{http://msdn.microsoft.com/en-us/library/bb427395%28VS.85%29.aspx}}}

@misc{web100,
	Date-Added = {2010-09-14 14:29:20 -0700},
	Date-Modified = {2010-09-14 14:29:31 -0700},
	Howpublished = {\url{www.web100.org}}}

@misc{etw,
	Date-Added = {2010-09-14 14:26:51 -0700},
	Date-Modified = {2010-09-14 14:27:08 -0700},
	Howpublished = {\url{http://msdn.microsoft.com/en-us/library/bb968803%28VS.85%29.aspx}}}

@misc{rwinbug,
	Date-Added = {2010-09-13 21:02:47 -0700},
	Date-Modified = {2010-09-13 21:03:21 -0700},
	Howpublished = {\url{support.microsoft.com/kb/983528}}}

@inproceedings{Tariq08,
	Author = {M. Tariq and A. Zeitoun and V. Valancius and N. Feamster and M. Ammar},
	Booktitle = {ACM SIGCOMM},
	Date-Added = {2010-09-09 00:10:25 -0700},
	Date-Modified = {2010-09-09 00:11:39 -0700},
	Title = {Answering What-If Deployment and Configuration Questions with {WISE}},
	Year = {2008}}

@inproceedings{Bodik10,
	Author = {Peter Bodik and Moises Goldszmidt and Armando Fox and Dawn B. Woodard and Hans Andersen},
	Booktitle = {EuroSys},
	Date-Added = {2010-09-09 00:06:17 -0700},
	Date-Modified = {2010-09-22 11:20:48 -0700},
	Title = {Fingerprinting the datacenter: {A}utomated classification of performance crises},
	Year = {2010}}

@inproceedings{Cheng06,
	Author = {Yu-Chung Cheng and John Bellardo and Peter Benko and Alex C. Snoeren and Geoffrey M. Voelker and Stefan Savage},
	Booktitle = {ACM SIGCOMM},
	Date-Added = {2010-09-09 00:04:10 -0700},
	Date-Modified = {2010-09-09 00:05:07 -0700},
	Title = {Jigsaw: {S}olving the Puzzle of Enterprise 802.11 Analysis},
	Year = {2006}}

@misc{nagle,
	Date-Added = {2010-09-08 13:40:11 -0700},
	Date-Modified = {2010-09-08 13:41:22 -0700},
	Howpublished = {\url{www.stuartcheshire.org/papers/NagleDelayedAck}},
	Title = {{TCP} performance problems caused by interaction between {Nagle}'s algorithm and delayed {ACK}}}

@misc{gprof,
	Date-Added = {2010-09-08 13:25:40 -0700},
	Date-Modified = {2010-09-08 13:27:19 -0700},
	Howpublished = {\url{www.gnu.org/software/binutils}},
	Title = {The GNU Profiler}}

@inproceedings{Bahl07,
	Author = {P. Bahl and R. Chandra and A. Greenberg and S. Kandula and D. A. Maltz and M. Zhang},
	Booktitle = {ACM SIGCOMM},
	Date-Added = {2010-09-06 22:48:35 -0700},
	Date-Modified = {2010-09-06 22:51:55 -0700},
	Title = {Towards highly reliable enterprise network services via inference of multi-level dependencies},
	Year = {2007}}

@inproceedings{Kandula09,
	Author = {Srikanth Kandula and Ratul Mahajan and Patrick Verkaik and Sharad Agarwal and Jitu Padhye and Victor Bahl},
	Booktitle = {ACM SIGCOMM},
	Date-Added = {2010-09-06 22:47:03 -0700},
	Date-Modified = {2010-09-06 22:48:01 -0700},
	Title = {Detailed Diagnosis in Computer Networks},
	Year = {2009}}

@inproceedings{Chen04,
	Author = {Mike Chen and Anthony Accardi and Emre Kiciman and Jim Lloyd and Dave Patterson and Armando Fox and Eric Brewer},
	Booktitle = {NSDI},
	Date-Added = {2010-09-06 22:32:22 -0700},
	Date-Modified = {2011-02-13 19:39:36 -0500},
	Title = {Path-based failure and evolution management},
	Year = {2004}}

@inproceedings{Fonseca07,
	Author = {Rodrigo Fonseca and George Porter and Randy H. Katz and Scott Shenker and Ion Stoica},
	Booktitle = {NSDI},
	Date-Added = {2010-09-06 22:30:04 -0700},
	Date-Modified = {2010-09-06 22:31:15 -0700},
	Title = {X-{T}race: {A} Pervasive Network Tracing Framework},
	Year = {2007}}

@inproceedings{Reynolds06,
	Author = {Patrick Reynolds and Charles Killian and Janet L. Wiener and Jeffrey C. Mogul and Mehul A. Shah and Amin Vahdat},
	Booktitle = {NSDI},
	Date-Added = {2010-09-06 22:28:24 -0700},
	Date-Modified = {2010-09-06 22:29:36 -0700},
	Title = {Pip: {D}etecting the Unexpected in Distributed Systems},
	Year = {2006}}

@inproceedings{Alizadeh10,
	Author = {Mohammad Alizadeh and Albert Greenberg and David Maltz and Jitu Padhye and Parveen Patel and Balaji Prabhakar and Sudipta Sengupta and Murari Sridharan},
	Booktitle = {ACM SIGCOMM},
	Date-Added = {2010-09-06 22:25:45 -0700},
	Date-Modified = {2010-09-19 22:25:19 -0700},
	Title = {Data Center {TCP} ({DCTCP})},
	Year = {2010}}

@misc{RFC2861,
	Date-Added = {2010-09-06 20:37:06 -0700},
	Date-Modified = {2010-09-06 20:37:48 -0700},
	Howpublished = {\url{www.apps.ietf.org/rfc/rfc2861.html}}}

@inproceedings{Vasudevan09,
	Author = {Vijay Vasudevan and Amar Phanishayee and Hiral Shah and Elie Krevat and David Andersen and Greg Ganger and Garth Gibson and Brian Mueller},
	Booktitle = {ACM SIGCOMM},
	Date-Added = {2010-09-06 17:16:57 -0700},
	Date-Modified = {2010-09-19 22:25:38 -0700},
	Title = {Safe and Effective Fine-grained {TCP} Retransmissions for Datacenter Communication},
	Year = {2009}}

@inproceedings{Zhang02,
	Author = {Yin Zhang and Lee Breslau and Vern Paxson and Scott Shenker},
	Booktitle = {ACM SIGCOMM},
	Date-Added = {2010-08-28 21:29:47 +0800},
	Date-Modified = {2010-09-22 11:20:11 -0700},
	Title = {On the Characteristics and Origins of {I}nternet Flow Rates},
	Year = {2002}}

@inproceedings{Paxson97-tcpanaly,
	Author = {Vern Paxson},
	Booktitle = {ACM SIGCOMM},
	Date-Added = {2010-08-26 13:09:04 +0800},
	Date-Modified = {2010-08-26 13:10:24 +0800},
	Title = {Automated Packet Trace Analysis of {TCP} Implementations},
	Year = {1997}}

@misc{kb:recv-autotuning-bug,
	Date-Added = {2010-08-22 15:33:32 +0800},
	Date-Modified = {2010-08-22 15:34:26 +0800},
	Howpublished = {\url{http://support.microsoft.com/kb/983528}}}

@misc{rfc4898,
	Date-Added = {2010-08-22 08:00:18 +0800},
	Date-Modified = {2010-08-22 08:00:51 +0800},
	Howpublished = {\url{http://www.ietf.org/rfc/rfc4898.txt}}}

@inproceedings{Tootoonchian10,
	Author = {Amin Tootoocian and Yashar Ganjali},
	Booktitle = {INM/WREN},
	Date-Added = {2010-06-16 10:03:26 -0700},
	Date-Modified = {2011-07-23 03:32:33 +0000},
	Title = {Hyper{F}low: {A} distributed control plane for {O}pen{F}low},
	Year = {2010}}

@misc{StanfordOF,
	Date-Added = {2010-06-05 20:52:40 -0700},
	Date-Modified = {2010-06-05 20:54:38 -0700},
	Howpublished = {\url{http://yuba.stanford.edu/~masayosi/ofgates/}},
	Title = {Stanford {O}pen{F}low Network Real Time Monitor}}

@misc{attservice,
	Date-Added = {2010-05-28 00:24:38 -0400},
	Date-Modified = {2010-05-28 00:25:37 -0400},
	Howpublished = {\url{http://new.serviceguide.att.com/mis.htm#B68}}}

@misc{HPswitch,
	Date-Added = {2010-05-23 21:58:21 -0400},
	Date-Modified = {2011-06-13 20:44:37 +0000},
	Howpublished = {Personal communication with Srini Seetharaman}}

@inproceedings{Brownlee05,
	Author = {Nevil Brownlee},
	Booktitle = {Passive and Active Measurement},
	Date-Added = {2010-05-23 20:54:30 -0400},
	Date-Modified = {2010-05-28 16:48:10 -0400},
	Title = {Some Observations of {I}nternet Stream Lifetimes},
	Year = {2005}}

@inproceedings{Cranor03,
	Address = {New York, NY, USA},
	Author = {Cranor, Chuck and Johnson, Theodore and Spataschek, Oliver and Shkapenyuk, Vladislav},
	Booktitle = {SIGMOD '03},
	Date-Added = {2010-01-28 02:35:16 -0500},
	Date-Modified = {2010-01-28 02:35:51 -0500},
	Doi = {http://doi.acm.org/10.1145/872757.872838},
	Isbn = {1-58113-634-X},
	Location = {San Diego, California},
	Pages = {647--651},
	Publisher = {ACM},
	Title = {Gigascope: {A} stream database for network applications},
	Year = {2003},
	Bdsk-Url-1 = {http://doi.acm.org/10.1145/872757.872838}}

@inproceedings{Tavakoli09,
	Author = {Arsalan Tavakoli and Martin Casado and Teemu Koponen and Scott Shenker},
	Booktitle = {HotNets-VIII},
	Date-Added = {2010-01-28 01:14:38 -0500},
	Date-Modified = {2010-01-28 01:16:16 -0500},
	Title = {Applying {NOX} to the Datacenter},
	Year = {2009}}

@inproceedings{Pfaff09,
	Author = {B. Pfaff and J. Pettit and T. Koponen and K. Amidon and M. Casado and S. Shenker},
	Booktitle = {HotNets-VIII},
	Date-Added = {2010-01-28 01:11:09 -0500},
	Date-Modified = {2010-01-28 01:12:16 -0500},
	Title = {Extending Networking into the Virtualization Layer},
	Year = {2009}}

@misc{netlogic,
	Date-Added = {2010-01-27 23:48:14 -0500},
	Date-Modified = {2010-01-27 23:48:58 -0500},
	Howpublished = {\url{www.netlogicmicro.com}},
	Title = {NetLogic Microsystems}}

@inproceedings{Greenberg09,
	Author = {Albert Greenberg and Navendu Jain and Srikanth Kandula and Changhoon Kim and Parantap Lahiri and Dave Maltz and Parveen Patel and Sudipta Sengupta},
	Booktitle = {Proc. ACM SIGCOMM},
	Date-Added = {2010-01-23 21:12:23 -0500},
	Date-Modified = {2010-01-23 21:14:12 -0500},
	Title = {{VL}2: {A} Scalable and Flexible Data Center Network},
	Year = {2009}}

@inproceedings{Lin92,
	Author = {Jyh-Han Lin and Jeffrey Scott Vitter},
	Booktitle = {ACM Symposium on Theory of Computing},
	Date-Added = {2010-01-13 16:30:47 -0500},
	Date-Modified = {2010-01-29 19:57:36 -0500},
	Title = {e-approximations with minimum packing constraint violation},
	Year = {1992}}

@inproceedings{Dong07,
	Author = {Qunfeng Dong and Suman Banerjee and Jia Wang and Dheeraj Agrawal},
	Booktitle = {ACM SIGMETRICS},
	Date-Added = {2010-01-12 00:06:06 -0500},
	Date-Modified = {2010-01-12 00:07:18 -0500},
	Title = {Wire Speed Packet Classification Without {TCAM}s: {A} Few More Registers (And A Bit of Logic) Are Enough},
	Year = {2007}}

@inproceedings{Mundada09,
	Author = {Yogesh Mundada and Rob Sherwood and Nick Feamster},
	Booktitle = {Symposium on Click Modular Router},
	Date-Added = {2010-01-09 11:47:12 -0500},
	Date-Modified = {2010-01-09 11:48:13 -0500},
	Title = {An {OpenFlow} Switch Element for {Click}},
	Year = {2009}}

@inproceedings{Kim08-sigmetrics,
	Author = {Changhoon Kim and Alexandre Gerber and Dan Pei and Carsten Lund and Subhabrata Sen},
	Booktitle = {ACM SIGMETRICS},
	Date-Added = {2010-01-08 19:33:26 -0500},
	Date-Modified = {2010-01-08 19:56:06 -0500},
	Title = {Scalable {VPN} Routing via Relaying},
	Year = {2008}}

@inproceedings{Gupta99,
	Author = {Pankaj Gupta and Pankaj Gupta and Nick Mckeown},
	Booktitle = {Hot Interconnects VII},
	Date-Added = {2010-01-07 22:01:00 -0500},
	Date-Modified = {2010-01-07 22:01:43 -0500},
	Title = {Packet Classification using Hierarchical Intelligent Cuttings},
	Year = {1999}}

@inproceedings{Singh03,
	Author = {Sumeet Singh and Florin Baboescu and George Varghese and Jia Wang},
	Booktitle = {Proc. ACM SIGCOMM},
	Date-Added = {2009-12-30 23:44:53 -0500},
	Date-Modified = {2010-01-17 03:42:58 -0500},
	Title = {Packet Classification Using Multidimensional Cutting},
	Year = {2003}}

@inproceedings{Nayak09,
	Author = {Ankur Nayak and Alex Reimers and Nick Feamster and Russ Clark},
	Booktitle = {Proc. Workshop on Research in Enterprise Networks},
	Date-Added = {2009-12-30 23:40:16 -0500},
	Date-Modified = {2010-01-28 21:15:32 -0500},
	Title = {Resonance: Dynamic Access Control for Enterprise Networks},
	Year = {2009}}

@misc{openflow,
	Date-Added = {2009-12-30 23:28:48 -0500},
	Date-Modified = {2009-12-30 23:29:21 -0500},
	Howpublished = {\url{http://www.openflowswitch.org/}},
	Title = {Open{F}low Switch}}

@inproceedings{Casado09,
	Author = {Martin Casado and Michael J. Freedman and Justin Pettit and Jianying Luo and Natasha Gude and Nick McKeown and Scott Shenker},
	Booktitle = {{IEEE/ACM Transactions on Networking}},
	Date-Modified = {2011-07-16 16:49:12 +0000},
	Title = {Rethinking Enterprise Network Control},
	Year = 2009}

@inproceedings{Ratnasamy01,
	Author = {Sylvia Ratnasamy and Paul Francis and Mark Handley and Richard Karp and Scott Shenker},
	Booktitle = SIGCOMM,
	Date-Added = {2009-12-30 23:23:58 -0500},
	Date-Modified = {2009-12-30 23:25:59 -0500},
	Title = {A Scalable Content Addressable Network},
	Year = {2001}}

@article{Dipert99,
	Author = {B. Dipert},
	Date-Added = {2009-06-16 23:46:12 -0400},
	Date-Modified = {2009-06-16 23:47:09 -0400},
	Journal = {EDN},
	Title = {Special Purpose {SRAM}s smooth the ride},
	Year = {1999}}

@inproceedings{Jokela09,
	Author = {Petri Jokela and Andras Zahemszky and Somaya Arianfar and Pekka Nikander and Christian Esteve},
	Booktitle = {Proc. ACM SIGCOMM},
	Date-Added = {2009-06-16 09:45:02 -0400},
	Date-Modified = {2009-06-16 09:47:51 -0400},
	Title = {{LIPSIN}: {L}ine speed Publish/Subscribe Inter-Networking},
	Year = {2009}}

@inproceedings{Pang05,
	Author = {R. Pang and M. Allman and M. Bennett and J. Lee and V. Paxson and B. Tierney},
	Booktitle = {Proc. Internet Measurement Conference},
	Date-Added = {2009-06-15 22:39:32 -0400},
	Date-Modified = {2009-06-15 22:41:07 -0400},
	Title = {A first look at modern enterprise traffic},
	Year = {2005}}

@misc{ipopt,
	Date-Added = {2009-06-15 08:45:07 -0400},
	Date-Modified = {2009-06-15 22:39:04 -0400},
	Howpublished = {\url{www.coin-or.org/Ipopt/}},
	Title = {Interior Point Optimizer}}

@inproceedings{Lakshminarayanan07,
	Author = {K. Lakshminarayanan and M. Caesar and M. Rangan and T. Anderson and S. Shenker and I. Stoica},
	Booktitle = {Proc. ACM SIGCOMM},
	Date-Added = {2009-06-15 08:34:38 -0400},
	Date-Modified = {2009-06-15 08:37:34 -0400},
	Title = {Achieving convergence-free routing using failure-carrying packets},
	Year = {2007}}

@book{Arregoces03,
	Author = {M. Arregoces and M. Portolani},
	Date-Added = {2009-06-14 00:09:15 -0400},
	Date-Modified = {2009-06-14 00:10:11 -0400},
	Publisher = {Cisco Press},
	Title = {Data Center Fundamentals},
	Year = {2003}}

@inproceedings{Spring04,
	Author = {Neil Spring and Ratul Mahajan and David Wetherall and Thomas Anderson},
	Booktitle = {IEEE/ACM Transactions on Networking},
	Date-Added = {2009-06-14 00:07:28 -0400},
	Date-Modified = {2009-06-14 00:08:22 -0400},
	Title = {Measuring {ISP} Topologies with {R}ocketfuel},
	Year = {2004}}

@inproceedings{Sung08,
	Author = {Yu-Wei Eric Sung and Sanjay Rao and Geoffrey Xie and David Maltz},
	Booktitle = {Proc. ACM CoNEXT},
	Date-Added = {2009-06-14 00:04:37 -0400},
	Date-Modified = {2009-06-14 00:05:34 -0400},
	Title = {Towards Systematic Design of Enterprise Networks},
	Year = {2008}}

@inproceedings{Yu09,
	Author = {Minlan Yu and Jennifer Rexford},
	Booktitle = {Proc. ACM SIGCOMM Workshop on Research in Enterprise Networks},
	Date-Added = {2009-06-12 12:06:05 -0400},
	Date-Modified = {2009-06-14 00:14:14 -0400},
	Title = {Hash, Don't Cache: {F}ast Packet Forwarding for Enterprise Edge Routers},
	Year = {2009}}

@misc{Microsoft09,
	Date-Added = {2009-06-12 11:47:08 -0400},
	Date-Modified = {2009-06-15 22:54:19 -0400},
	Howpublished = {\url{technet.microsoft.com/en-us/library/cc725770.aspx}},
	Title = {Introduction to Server and Domain Isolation}}

@article{Ioannidis00,
	Author = {Sotiris Ioannidis and Angelos D. Keromytis and Steven M. Bellovin and Jonathan M. Smith},
	Date-Added = {2009-06-12 11:42:13 -0400},
	Date-Modified = {2009-06-12 11:43:17 -0400},
	Journal = {ACM Conference on Computer and Communications Security},
	Title = {Implementing a Distributed Firewall},
	Year = {2000}}

@article{Bellovin99,
	Author = {Steven M. Bellovin},
	Date-Added = {2009-06-12 11:38:18 -0400},
	Date-Modified = {2009-06-12 11:41:35 -0400},
	Journal = {;login:},
	Month = NOV,
	Title = {Distributed Firewalls},
	Year = {1999}}

@inproceedings{Kim08,
	Author = {Changhoon Kim and Matthew Caesar and Jennifer Rexford},
	Booktitle = {Proc. ACM SIGCOMM},
	Date-Added = {2009-05-31 15:31:55 -0400},
	Date-Modified = {2010-01-17 03:43:23 -0500},
	Title = {Floodless in {SEATTLE}: {A} Scalable {E}thernet Architecture for Large Enterprises},
	Year = {2008}}

@article{Montoye94,
	Author = {R. K. Montoye},
	Date-Added = {2009-05-14 23:48:47 -0400},
	Date-Modified = {2009-05-14 23:57:36 -0400},
	Journal = {United States Patent 5,319,590, HaL Computer Systems, Inc.},
	Title = {Apparatus for Storing {``}Don't Care{''} in a Content Addressable Memory Cell},
	Year = {1994}}

@article{Gupta06,
	Author = {P. Gupta},
	Date-Added = {2009-05-14 22:03:46 -0400},
	Date-Modified = {2009-05-14 22:12:40 -0400},
	Journal = {Course lecture, \url{www.stanford.edu/class/ee384y/}},
	Title = {Address Lookup and Classification},
	Year = {2006}}

@misc{Chang03,
	Author = {E. Chang and B. Lu and F. Markhovsky},
	Date-Added = {2009-05-14 21:59:36 -0400},
	Date-Modified = {2009-05-14 22:03:07 -0400},
	Howpublished = {\url{http://www.commsdesign.com/design_corner/OEG20030603S0007}},
	Title = {{RLDRAM}s vs. {CAM}s/{SRAM}s}}

@inproceedings{Perlman04,
	Author = {R. Perlman},
	Booktitle = INFOCOM,
	Date-Added = {2009-05-11 13:40:26 -0400},
	Date-Modified = {2009-05-11 13:41:18 -0400},
	Title = {Rbridges: {T}ransparent routing},
	Year = {2004}}

@misc{Trill,
	Date-Added = {2009-05-11 13:34:07 -0400},
	Date-Modified = {2009-05-26 21:57:03 -0400},
	Howpublished = {\url{http://www.ietf.org/html.charters/trill-charter.html}},
	Title = {{IETF} {TRILL} working group}}

@inproceedings{Egi08,
	Author = {Egi, N. and Greenhalgh, A. and Handley, M. and Hoerdt, M. and Huici, F. and Mathy, L.},
	Booktitle = {Proceedings of ACM CoNEXT},
	Date-Added = {2009-05-01 01:42:02 -0400},
	Date-Modified = {2009-05-01 01:42:34 -0400},
	Title = {Towards high performance virtual routers on commodity hardware},
	Year = {2008}}

@inproceedings{Rhea02,
	Author = {Sean C. Rhea and John Kubiatowicz},
	Booktitle = {Proc. IEEE INFOCOM},
	Date-Added = {2009-03-16 21:59:42 -0400},
	Date-Modified = {2009-06-12 11:58:46 -0400},
	Title = {Probabilistic Location and Routing},
	Year = {2002}}

@inproceedings{Fan00,
	Author = {Fan,, Li and Cao,, Pei and Almeida,, Jussara and Broder,, Andrei Z.},
	Booktitle = {IEEE/ACM Transactions on Networking},
	Date-Added = {2009-03-14 00:04:11 -0400},
	Date-Modified = {2009-03-14 00:07:26 -0400},
	Title = {Summary cache: {A} scalable wide-area web cache sharing protocol},
	Year = {2000}}

@misc{Vyatta,
	Date-Added = {2009-03-07 10:47:45 -0500},
	Date-Modified = {2009-03-07 10:52:37 -0500},
	Howpublished = {\url{www.vyatta.com}},
	Title = {Vyatta (open-source router vendor)}}

@inproceedings{Broder01,
	Author = {Andrei Broder and Michael Mitzenmacher},
	Booktitle = {Proc. IEEE INFOCOM},
	Date-Added = {2009-03-04 23:59:00 -0500},
	Date-Modified = {2009-06-12 11:58:35 -0400},
	Title = {Using Multiple Hash Functions to Improve {IP} Lookups},
	Year = {2001}}

@inproceedings{Chazelle04,
	Author = {B. Chazelle and J. Kilian and R. Rubinfeld and A. Tal},
	Booktitle = {Proc. Symposium on Discrete Algorithms},
	Date-Added = {2009-03-04 23:03:28 -0500},
	Date-Modified = {2009-03-08 22:14:16 -0400},
	Title = {The {B}loomier filter: {A}n efficient data structure for static support lookup tables.},
	Year = {2004}}

@inproceedings{Fan98,
	Author = {Li Fan and Pei Cao and Jussara Almeida},
	Booktitle = {Proc. ACM SIGCOMM},
	Date-Added = {2009-03-01 15:17:42 -0500},
	Date-Modified = {2009-03-01 15:18:30 -0500},
	Title = {Summary Cache: A Scalable Wide-Area Web Cache Sharing Protocol},
	Year = {1998}}

@inproceedings{Casado07long,
	Author = {Martin Casado and Michael J. Freedman and Justin Pettit and Jianying Luo and Nick McKeown and Scott Shenker},
	Booktitle = {Proc. ACM SIGCOMM},
	Date-Added = {2009-03-01 10:36:40 -0500},
	Date-Modified = {2009-03-01 10:43:38 -0500},
	Title = {Ethane: Taking Control of the Enterprise},
	Year = {2007}}



@inproceedings{Casado07,
	Author = {{M. Casado et~al}},
	Booktitle = {Proc. ACM SIGCOMM},
	Date-Added = {2009-03-01 10:36:40 -0500},
	Date-Modified = {2009-03-01 10:43:38 -0500},
	Title = {Ethane: Taking Control of the Enterprise},
	Year = {2007}}

@inproceedings{Ballani09,
	Author = {H. Ballani and P. Francis and T. Cao and J. Wang},
	Booktitle = {Proc. NSDI},
	Date-Added = {2009-03-01 10:34:50 -0500},
	Date-Modified = {2010-01-28 21:14:23 -0500},
	Title = {Making Routers Last Longer with {V}i{A}ggre},
	Year = {2009}}

@inproceedings{Andersen08,
	Author = {D. Andersen and H. Balakrishnan and N. Feamster and Teemu Koponen and Daekyeong Moon and Scott Shenker},
	Booktitle = {Proc. ACM SIGCOMM},
	Date-Added = {2009-03-01 10:27:26 -0500},
	Date-Modified = {2009-03-08 22:11:25 -0400},
	Title = {Accountable {I}nternet Protocol ({AIP})},
	Year = {2008}}

@article{Farinacci09,
	Author = {D. Farinacci and V. Fuller and D. Meyer and D. Lewis},
	Date-Added = {2009-03-01 10:25:31 -0500},
	Date-Modified = {2009-03-08 22:11:52 -0400},
	Journal = {{I}nternet-Draft (work in progress)},
	Month = {March},
	Title = {Locator/{ID} Separation Protocol ({LISP})},
	Year = {2009}}

@inproceedings{Caesar06,
	Author = {M. Caesar and T. Condie and J. Kannan and K. Lakshminarayanan and I. Stoica},
	Booktitle = {Proc. ACM SIGCOMM},
	Date-Added = {2009-03-01 10:22:52 -0500},
	Date-Modified = {2009-03-16 01:39:19 -0400},
	Title = {{ROFL}: Routing on Flat Labels},
	Year = {2006}}

@article{Cisco05,
	Author = {{Cisco Systems}},
	Date-Added = {2009-03-01 10:19:22 -0500},
	Date-Modified = {2009-03-01 10:53:16 -0500},
	Journal = {\url{http://www.cisco.com/warp/public/105/20.pdf}},
	Title = {How to Choose the Best Router Switching Path for Your Network}}

@inproceedings{Broder05,
	Author = {A. Broder and M. Mitzenmacher},
	Booktitle = {Internet Mathematics},
	Date-Added = {2009-03-01 10:08:51 -0500},
	Date-Modified = {2009-03-08 22:14:06 -0400},
	Number = {4},
	Pages = {485-509},
	Title = {Network Applications of {B}loom Filters: A Survey},
	Volume = {1},
	Year = {2005}}

@inproceedings{Bonomi06,
	Author = {Flavio Bonomi and Michael Mitzenmacher and Rina Panigrah and Sushil Singh and George Varghese},
	Booktitle = {Proc. ACM SIGCOMM},
	Date-Added = {2009-02-06 23:44:59 -0500},
	Date-Modified = {2009-03-08 22:13:59 -0400},
	Title = {Beyond {B}loom Filters: From Approximate Membership Checks to Approximate State Machines},
	Year = {2006}}

@inproceedings{Song05,
	Author = {Haoyu Song and Sarang Dharmapurikar and Jonathan Turner and John Lockwood},
	Booktitle = {Proc. ACM SIGCOMM},
	Date-Added = {2009-02-06 23:43:40 -0500},
	Date-Modified = {2009-03-08 22:14:31 -0400},
	Title = {Fast Hash Table Lookup Using Extended {B}loom Filter: An Aid to Network Processing},
	Year = {2005}}

@inproceedings{Dharmapurikar03,
	Author = {Sarang Dharmapurikar and Praveen Krishnamurthy and David Taylor},
	Booktitle = {Proc. ACM SIGCOMM},
	Date-Added = {2009-02-06 23:03:12 -0500},
	Date-Modified = {2009-03-08 22:14:24 -0400},
	Title = {Longest Prefix Matching Using {B}loom Filters},
	Year = {2003}}

@inproceedings{Abdelkhalek04,
	Author = {Ahmed Abdelkhalek and Angelos Bilas},
	Booktitle = {IPDPS},
	Journal = {IPDPS},
	Owner = {minlan},
	Timestamp = {2007.11.16},
	Title = {Parallelization and performance of interactive multiplayer game servers},
	Year = {2004}}

@book{Ahuja93,
	Author = {Ahuja, Ravindra K. and Magnanti, Thomas L. and Orlin, James B.},
	Publisher = {Prentice Hall},
	Title = {Network Flows: {T}heory, Algorithms, and Applications},
	Year = {1993}}

@misc{Anderson02,
	Author = {David G. Andersen},
	Howpublished = {Unpublished Manuscript},
	Title = {Theoretical Approaches to Node Assignment},
	Url = {\url{http://www.cs.cmu.edu/~dga/papers/andersen-assign.ps}},
	Year = {2002},
	Bdsk-Url-1 = {http://www.cs.cmu.edu/~dga/papers/andersen-assign.ps}}

@inproceedings{Anderson01,
	Address = {Banff, Canada},
	Author = {David G. Andersen and Hari Balakrishnan and Frans Kaashoek and Robert Morris},
	Booktitle = SOSP,
	Journal = {Proc. SOSP},
	Owner = {minlan},
	Timestamp = {2007.09.09},
	Title = {Resilient Overlay Networks},
	Year = {2001}}

@article{Anderson05,
	Address = {Los Alamitos, CA, USA},
	Author = {Thomas Anderson and Larry Peterson and Scott Shenker and Jonathan Turner},
	Doi = {http://dx.doi.org/10.1109/MC.2005.136},
	Issn = {0018-9162},
	Journal = COMPUTER,
	Number = {4},
	Pages = {34--41},
	Publisher = {IEEE Computer Society Press},
	Title = {Overcoming the {I}nternet Impasse through Virtualization},
	Volume = {38},
	Year = {2005},
	Bdsk-Url-1 = {http://dx.doi.org/10.1109/MC.2005.136}}

@inproceedings{Armitage03,
	Author = {G. Armitage},
	Booktitle = {Proceedings of the International Conference on Networks},
	Owner = {minlan},
	Timestamp = {2007.09.07},
	Title = {An Experimental Estimation of Latency Sensitivity in Multiplayer Quake 3},
	Year = {2003}}

@inproceedings{Augustin06,
	Address = {New York, NY, USA},
	Author = {Brice Augustin and Xavier Cuvellier and Benjamin Orgogozo and Fabien Viger and Timur Friedman and Matthieu Latapy and Cl\&\#233;mence Magnien and Renata Teixeira},
	Booktitle = IMC,
	Doi = {http://doi.acm.org/10.1145/1177080.1177100},
	Isbn = {1-59593-561-4},
	Location = {Rio de Janeriro, Brazil},
	Pages = {153--158},
	Publisher = {ACM Press},
	Title = {Avoiding traceroute anomalies with Paris traceroute},
	Year = {2006},
	Bdsk-Url-1 = {http://doi.acm.org/10.1145/1177080.1177100}}

@inproceedings{Bauer02,
	Author = {D. Bauer and S. Rooney and P. Scotton},
	Booktitle = {ACM NetGames},
	Owner = {minlan},
	Timestamp = {2007.11.16},
	Title = {Network Infrastructure for Massively Distributed Games},
	Year = {2002}}

@inproceedings{Bavier06,
	Address = {Pisa, Italy},
	Author = {Andy Bavier and Nick Feamster and Mark Huang and Larry Peterson and Jennifer Rexford},
	Booktitle = SIGCOMM,
	Month = {September},
	Title = {In {VINI} Veritas: Realistic and Controlled Network Experimentation},
	Year = {2006}}

@article{Bhatia07,
	Author = {Sapan Bhatia and Murtaza Motiwala and Wolfgang Muhlbauer and Vytautas Valancius and Andy Bavier and Nick Feamster and Larry Peterson and Jennifer Rexford},
	Institution = {Technical Report GT-CS-07-10, Georgia Tech},
	Journal = {Technical Report GT-CS-07-10},
	Owner = {minlanyu},
	Timestamp = {2008.03.07},
	Title = {Hosting virtual networks on commodity hardware},
	Year = {Georgia Tech, 2007}}

@article{CACM,
	Author = {Jeremy Brun and Farzad Safaei and Paul Boustead},
	Journal = {Communications of The ACM},
	Owner = {minlanyu},
	Timestamp = {2008.07.30},
	Title = {Managing Latency Networked Games},
	Year = {2006}}

@article{Cha06,
	Author = {Meeyoung Cha and Sue Moon and Chong Dae Park and Aman Shaikh},
	Journal = INFOCOM,
	Owner = {minlan},
	Timestamp = {2007.11.13},
	Title = {Placing Relay Nodes for Intra-Domain Path Diversity},
	Year = {2006}}

@article{Chen98,
	Author = {J. Chen and P. Druschel and D. Subramanian},
	Journal = INFOCOM,
	Month = {March},
	Owner = {minlan},
	Pages = {1418-1425},
	Timestamp = {2007.11.14},
	Title = {An efficient multipath forwarding method},
	Year = {1998}}

@inproceedings{Cronin02,
	Author = {E. Cronin and B. Filstrup and A. Kurc and S. Jamin},
	Booktitle = {ACM NetGames},
	Journal = {NetGames},
	Owner = {minlanyu},
	Timestamp = {2008.08.05},
	Title = {A Distributed Multiplayer Game Server System},
	Year = {2002}}

@article{Dias97,
	Author = {J. Dias and R. Galli and A. Almeida and C. Belo and J. Rebordao},
	Journal = {IEEE Computer Graphics and Applications},
	Month = {February},
	Number = {2},
	Owner = {minlan},
	Pages = {55-65},
	Timestamp = {2007.09.07},
	Title = {m{W}orld: A Multiuser 3D Virtual Environment},
	Volume = {17},
	Year = {1997}}

@article{Diot99,
	Author = {C. Diot and L. Gautier},
	Journal = {IEEE Network Magazine},
	Owner = {minlan},
	Timestamp = {2007.11.16},
	Title = {A Distributed Architecture for Multiplayer Interactive Applications on the Internet},
	Year = {1999}}

@article{Duffield02,
	Address = {Piscataway, NJ, USA},
	Author = {N. G. Duffield and Pawan Goyal and Albert Greenberg and Partho Mishra and K. K. Ramakrishnan and Jacobus E. van der Merwe},
	Doi = {http://dx.doi.org/10.1109/TNET.2002.803918},
	Issn = {1063-6692},
	Journal = {IEEE/ACM Transactions on Networking (TON)},
	Number = {5},
	Pages = {679--692},
	Publisher = {IEEE Press},
	Title = {Resource management with hoses: {P}oint-to-cloud services for virtual private networks},
	Volume = {10},
	Year = {2002},
	Bdsk-Url-1 = {http://dx.doi.org/10.1109/TNET.2002.803918}}

@inproceedings{Duffield00,
	Author = {Nick G. Duffield and Matthias Grossglauser},
	Booktitle = {{SIGCOMM}},
	Pages = {271-282},
	Title = {Trajectory sampling for direct traffic observation},
	Year = {2000}}

@inproceedings{Eppstein94,
	Author = {David Eppstein},
	Booktitle = {Proc. {IEEE} Symposium on Foundations of Computer Science},
	Pages = {154-165},
	Title = {Finding the k Shortest Paths},
	Year = {1994}}

@inproceedings{Fan06,
	Author = {Jinliang Fan and Mostafa Ammar},
	Booktitle = {Proc. IEEE INFOCOM},
	Title = {Dynamic Topology Configuration in Service Overlay Networks: A Study of Reconfiguration Policies},
	Year = {2006}}

@inproceedings{Farber02,
	Author = {Johannes Farber},
	Booktitle = {ACM NetGames},
	Journal = {ACM NetGames},
	Owner = {minlan},
	Timestamp = {2007.11.15},
	Title = {Network Game Traffic Modelling},
	Year = {2002}}

@article{Feamster07,
	Address = {New York, NY, USA},
	Author = {Nick Feamster and Lixin Gao and Jennifer Rexford},
	Doi = {http://doi.acm.org/10.1145/1198255.1198265},
	Issn = {0146-4833},
	Journal = CCR,
	Number = {1},
	Pages = {61--64},
	Publisher = {ACM Press},
	Title = {How to lease the {I}nternet in your spare time},
	Volume = {37},
	Year = {2007},
	Bdsk-Url-1 = {http://doi.acm.org/10.1145/1198255.1198265}}

@article{Feldmann99,
	Author = {A. Feldmann and A. Greenberg and C. Lund and N. Reingold and J. Rexford},
	Journal = IEEENET,
	Month = {March},
	Number = {2},
	Pages = {11--19},
	Title = {NetScope: traffic engineering for {IP} networks},
	Volume = {14},
	Year = {2000}}

@inproceedings{Freedman04,
	Address = {San Francisco, California},
	Booktitle = {Proceedings of the 1st {USENIX} {S}ymposium on {N}etworked {S}ystems {D}esign and {I}mplementation ({NSDI} '04)},
	Month = {March},
	Title = {Democratizing content publication with Coral},
	Year = {2004}}

@conference{Giacomoni07,
	Author = {John Giacomoni and John K. Bennett and Antonio Carzaniga and Douglas C. Sicker and Manish Vachharajani and Alexander L. Wolf},
	Booktitle = {ANCS},
	Owner = {minlanyu},
	Timestamp = {2008.02.01},
	Title = {Frame Shared Memory: {L}ine-rate Networking on Commodity Hardware},
	Year = {2007}}

@conference{Giacomoni08,
	Author = {J. Giacomoni and T. Moseley and M. Vachharajani},
	Booktitle = {Proceedings of ACM SIGPLAN Symposium on Principles and Practice of Parallel Programming},
	Owner = {minlanyu},
	Timestamp = {2008.02.07},
	Title = {Fastforward for efficient pipeline parallism: {A} cache-optimized concurrent lock-free queue},
	Year = {2008}}

@inproceedings{Greenwald99,
	Author = {Amy R. Greenwald and Jeffrey O. Kephart and Gerald Tesauro},
	Booktitle = {{ACM} Conference on Electronic Commerce},
	Owner = {minlanyu},
	Timestamp = {2008.08.05},
	Title = {Strategic pricebot dynamics},
	Year = {1999}}

@inproceedings{Gupta01,
	Author = {Anupam Gupta and Jon Kleinberg and Amit Kumar and Rajeev Rastogi and Bulent Yener},
	Booktitle = STOC,
	Doi = {http://doi.acm.org/10.1145/380752.380830},
	Isbn = {1-58113-349-9},
	Location = {Hersonissos, Greece},
	Title = {Provisioning a virtual private network: {A} network design problem for multicommodity flow},
	Year = {2001},
	Bdsk-Url-1 = {http://doi.acm.org/10.1145/380752.380830}}

@inproceedings{Handley05,
	Author = {Mark Handley and Eddie Kohler and Atanu Ghosh and Orion Hodson and Pavlin Radoslavov},
	Booktitle = NSDI,
	Date-Modified = {2011-06-13 20:41:45 +0000},
	Month = OCT,
	Title = {Designing Extensible {IP} Router Software},
	Year = {2005}}

@article{Harcholbalter97,
	Author = {Mor Harchol-Balter and Allen B. Downey},
	Journal = {ACM Transactions on Computer Systems},
	Number = {3},
	Pages = {253--285},
	Title = {Exploiting Process Lifetime Distributions for Dynamic Load Balancing},
	Volume = {15},
	Year = {1997}}

@inproceedings{He07,
	Author = {Jiayue He and Jeniffer Rexford and Mung Chiang},
	Journal = CCR,
	Month = OCT,
	Title = {Don't Optimize Existing Protocols, Design Optimizable Protocols},
	Year = {2007}}

@inproceedings{Hu06,
	Author = {Xianghui Hu and Xinan Tang and Bei Hua},
	Booktitle = {Proceedings of the eleventh ACM SIGPLAN symposium on Principles and practice of parallel programming},
	Owner = {minlan},
	Timestamp = {2007.10.17},
	Title = {High-performance {IPV}6 forwarding algorithm for multi-core and multithreaded network processor},
	Year = {2006}}

@inproceedings{Jehaes03,
	Author = {Tom Jehaes and Danny De Vleeschauwer and Bart Van Doorselaer and Eva Deckers and W. Naudts and K. Spruyt and R. Smets},
	Booktitle = {ACM NetGames},
	Journal = {NetGames},
	Owner = {minlanyu},
	Timestamp = {2008.07.25},
	Title = {Access Network Delay in networked games},
	Year = {2003}}

@inproceedings{Kandula05,
	Address = {Philadelphia, PA},
	Author = {Srikanth Kandula and Dina Katabi and Bruce Davie and Anna Charny},
	Booktitle = SIGCOMM,
	Month = {August},
	Title = {{Walking the Tightrope: {R}esponsive Yet Stable Traffic Engineering}},
	Year = {2005}}

@inproceedings{Kandula07,
	Author = {Srikanth Kandula and Dina Katabi and Shantanu Sinha and Arthur Berger},
	Bibsource = {DBLP, http://dblp.uni-trier.de},
	Ee = {http://doi.acm.org/10.1145/1232919.1232925},
	Journal = CCR,
	Number = {2},
	Pages = {51-62},
	Title = {Dynamic load balancing without packet reordering.},
	Volume = {37},
	Year = {2007}}

@inproceedings{Kapur05,
	Author = {A. Kapur and G. Wang and P. Davidson and P. R. Cook},
	Booktitle = {Organized Sound},
	Owner = {minlanyu},
	Timestamp = {2008.03.05},
	Title = {Interactive Network Media: A Dream Worth Dreaming?},
	Year = {2005}}

@inproceedings{Key06,
	Author = {Peter Key and Laurent Massoulie and Don Towsley},
	Booktitle = INFOCOM,
	Title = {Path Selection and Multipath Congestion Control},
	Year = {2007}}

@article{Kirkpatrick83,
	Author = {S. Kirkpatrick and C. D. Gelatt and M. P. Vecchi},
	Journal = {Science, Number 4598, 13 May 1983},
	Pages = {671--680},
	Title = {Optimization by Simulated Annealing},
	Volume = {220, 4598},
	Year = {1983}}

@phdthesis{Kleinberg96,
	Author = {J. Kleinberg},
	School = {MIT},
	Title = {Approximation algorithms for disjoint paths problems},
	Year = {1996}}

@article{Knutsson04,
	Author = {B. Knutsson and H. Lu and W. Xu and B. Hopkins},
	Journal = INFOCOM,
	Month = {March},
	Owner = {minlan},
	Timestamp = {2007.09.07},
	Title = {Peer-to-{P}eer Support for massively Multiplayer Games},
	Year = {2004}}

@article{Kodialam06,
	Author = {M. Kodialam and T.V. Lakshman and James B. Orlin and Sudipta Sengupta},
	Booktitle = INFOCOM,
	Journal = INFOCOM,
	Owner = {minlan},
	Timestamp = {2007.09.07},
	Title = {A Versatile Scheme for Routing Highly Variable Traffic in Service Overlays and {IP} Backbones},
	Year = {2006}}

@article{Kohler00,
	Author = {Eddie Kohler and Robert Morris and Benjie Chen and John Jannotti and M. Frans Kaashoek},
	Date-Modified = {2009-03-15 23:07:01 -0400},
	Journal = {ACM Transactions on Computer Systems},
	Month = aug,
	Title = {{The Click modular router}},
	Year = {2000}}

@inproceedings{Kolliopoulos97,
	Author = {Stavros G. Kolliopoulos and Clifford Stein},
	Booktitle = {{IEEE} Symposium on Foundations of Computer Science},
	Title = {Improved Approximation Algorithms for Unsplittable Flow Problems},
	Year = {1997}}

@inproceedings{Kongetira05,
	Author = {Poonacha Kongetira and Kathirgamar Aingaran and Kunle Olukotun},
	Booktitle = {IEEE Micro},
	Owner = {minlanyu},
	Timestamp = {2008.02.08},
	Title = {Niagara: {A} 32-way Multithreaded Sparc Processor},
	Year = {2005}}

@article{Kushner07,
	Author = {David Kushner},
	Journal = {{IEEE} Spectrum},
	Owner = {minlanyu},
	Timestamp = {2008.08.05},
	Title = {Playing Dirty},
	Year = {2007}}

@techreport{Lu06,
	Author = {Jing Lu and Jonathan Turner},
	Institution = {Washington University},
	Number = {WUCSE-2006-35},
	Title = {Efficient Mapping of Virtual Networks onto a Shared Substrate},
	Type = {Technical Report},
	Year = {2006}}

@article{McCreary00,
	Author = {S. McCreary and K. Claffy},
	Journal = {Proceedings of ITC Specialist Seminar on Internet Traffic Measurement and ModellingAch},
	Owner = {minlan},
	Timestamp = {2007.11.15},
	Title = {Trends in Wide Area {IP} Traffic Patterns - {A} View from Ames {Internet} Exchange},
	Year = {2000}}

@inproceedings{McKeown08,
	Author = {Nick McKeown and Tom Anderson and Hari Balakrishnan and Guru Parulkar and Larry Peterson and Jennifer Rexford and Scott Shenker and Jon Turner},
	Booktitle = {Computer Communication Review},
	Owner = {minlanyu},
	Timestamp = {2008.03.11},
	Title = {Open{F}low: {E}nabling Innovation in Campus Networks},
	Year = {2008}}

@article{Miller95,
	Author = {D. Miller and J. Thorpe},
	Journal = {Proceedings of IEEE},
	Month = {August},
	Number = {8},
	Owner = {minlan},
	Pages = {1114-1123},
	Timestamp = {2007.09.07},
	Title = {{SIMNET}: The Advant of Simulator Networking},
	Volume = {83},
	Year = {1995}}

@article{Mitzenmacher01,
	Author = {Michael Mitzenmacher},
	Journal = TPDS,
	Number = {10},
	Pages = {1094--1104},
	Title = {The Power of Two Choices in Randomized Load Balancing},
	Volume = {12},
	Year = {2001}}

@inproceedings{Molina05,
	Author = {Maurizio Molina and Saverio Niccolini and Nick G. Duffield},
	Booktitle = {19th International Teletraffic Congress},
	Month = AUG,
	Title = {{A Comparative Experimental Study of Hash Functions Applied to Packet Sampling}},
	Year = {2005}}

@conference{Nakajima02,
	Author = {Jun Nakajima and Venkatesh Pallipadi},
	Booktitle = {Proceedings of the 2nd Workshop on Industrial experiences with systems software},
	Owner = {minlanyu},
	Timestamp = {2008.02.08},
	Title = {Enhancements for hyper-threading technology in the operating system -- seeking the optimal scheduling},
	Year = {2002}}

@inproceedings{Pantel02,
	Address = {New York, NY, USA},
	Author = {Lothar Pantel and Lars C. Wolf},
	Booktitle = {NOSSDAV '02: Proceedings of the 12th international workshop on Network and operating systems support for digital audio and video},
	Doi = {http://doi.acm.org/10.1145/507670.507674},
	Owner = {minlan},
	Pages = {23--29},
	Publisher = {ACM Press},
	Timestamp = {2007.09.07},
	Title = {On the impact of delay on real-time multiplayer games},
	Year = {2002},
	Bdsk-Url-1 = {http://doi.acm.org/10.1145/507670.507674}}

@inproceedings{Park06,
	Address = {San Jose, CA},
	Author = {KyoungSoo Park and Vivek S. Pai},
	Booktitle = {Proceedings of the Third Symposium on Networked Systems Design and Implementation (NSDI 2006)},
	Month = {May},
	Title = {Scale and Performance in the {CoBlitz} Large-File Distribution Service},
	Year = {2006}}

@article{Paxson97,
	Author = {Vern Paxson},
	Journal = IEEETN,
	Month = OCT,
	Number = {5},
	Pages = {601--615},
	Title = {{End-to-End Routing Behavior in the {I}nternet}},
	Volume = {5},
	Year = {1997}}

@phdthesis{PaxsonThesis,
	Author = {Vern Paxson},
	School = {University of California, Berkeley},
	Title = {{Measurements and Analysis of End-to-End Internet Dynamics}},
	Year = {1997}}

@inproceedings{Paxson96,
	Address = {New York},
	Author = {Vern Paxson},
	Booktitle = {Proceedings of the {ACM} {SIGCOMM} Conference on Applications, Technologies, Architectures, and Protocols for Computer Communications},
	Isbn = {0-89791-790-1},
	Month = {August},
	Pages = {25--38},
	Publisher = {ACM Press},
	Title = {End-to-end routing behavior in the {Internet}},
	Volume = {26,4},
	Year = {1996}}

@article{Paxson07,
	Author = {Vern Paxson and Robin Sommer},
	Journal = {Proc. IEEE Sarnoff Symposium},
	Month = {May},
	Owner = {minlan},
	Timestamp = {2007.10.10},
	Title = {An Architecture for Exploiting Multi-Core Processors to Parallelize Network Intrusion Prevention},
	Year = {2007}}

@inproceedings{Pei06,
	Address = {New York, NY, USA},
	Author = {Dan Pei and Jacobus Van der Merwe},
	Booktitle = IMC,
	Doi = {http://doi.acm.org/10.1145/1177080.1177117},
	Isbn = {1-59593-561-4},
	Location = {Rio de Janeriro, Brazil},
	Pages = {283--288},
	Publisher = {ACM Press},
	Title = {BGP convergence in virtual private networks},
	Year = {2006},
	Bdsk-Url-1 = {http://doi.acm.org/10.1145/1177080.1177117}}

@article{Prasad07,
	Author = {Ravi Prasad and Constantinos Dovrolis and Marina Thottan},
	Journal = CONEXT,
	Owner = {minlan},
	Timestamp = {2007.11.15},
	Title = {Router Buffer Sizing Revisited: The Role of the Output/Input Capacity Ratio},
	Year = {2007}}

@article{Prasad-Infocom07,
	Author = {R. S. Prasad and P. Winzer and S. Borst and M. Thottan},
	Journal = INFOCOM,
	Month = {May},
	Owner = {minlan},
	Timestamp = {2007.11.15},
	Title = {Queuing Delays in Randomized Load Balanced Networks},
	Year = {2007}}

@inproceedings{Raghunath04,
	Address = {New York, NY, USA},
	Author = {Satish Raghunath and K. K. Ramakrishnan and Shivkumar Kalyanaraman and Chris Chase},
	Booktitle = IMC,
	Doi = {http://doi.acm.org/10.1145/1028788.1028836},
	Isbn = {1-58113-821-0},
	Location = {Taormina, Sicily, Italy},
	Pages = {342--355},
	Publisher = {ACM Press},
	Title = {Measurement based characterization and provisioning of {IP} {VPN}s},
	Year = {2004},
	Bdsk-Url-1 = {http://doi.acm.org/10.1145/1028788.1028836}}

@article{Ramjee06,
	Author = {Ramachandran Ramjee and Furquan Ansari and Martin Havemann and T. V. Lakshman and Thyagarajan Nandagopal and Krishan K. Sabnani and Thomas Y. C. Woo},
	Journal = {COMSWARE},
	Owner = {minlanyu},
	Timestamp = {2008.03.07},
	Title = {Separating control software from routers},
	Year = {2006}}

@conference{Regnier04,
	Author = {Greg Regnier and S. Makineni and R. Illikkal and R. Iyer and Dave Minturn and R. Huggahalli and D. Newell and L. Cline and Annie Foong},
	Booktitle = {IEEE Computer},
	Owner = {minlanyu},
	Timestamp = {2008.02.07},
	Title = {{TCP} onloading for data center servers},
	Year = {2004}}

@conference{Regnier03,
	Author = {Greg Regnier and Dave Minturn and Gary McAlpine and Vikram Saletore and Annie Foong},
	Booktitle = {Proceedings of the 11th Symposium on High Performance Interconnects (HOTI)},
	Owner = {minlanyu},
	Timestamp = {2008.02.07},
	Title = {ETA: {E}xperience with {I}ntel {X}eon processor as a Packet Processing Engine},
	Year = {2003}}

@article{Ricci03,
	Address = {New York, NY, USA},
	Author = {Robert Ricci and Chris Alfeld and Jay Lepreau},
	Doi = {http://doi.acm.org/10.1145/956981.956988},
	Issn = {0146-4833},
	Journal = CCR,
	Number = {2},
	Pages = {65--81},
	Publisher = {ACM Press},
	Title = {A solver for the network testbed mapping problem},
	Volume = {33},
	Year = {2003},
	Bdsk-Url-1 = {http://doi.acm.org/10.1145/956981.956988}}

@article{Rizzo97,
	Author = {Luigi Rizzo},
	Journal = CCR,
	Number = {1},
	Pages = {31--41},
	Title = {Dummynet: a simple approach to the evaluation of network protocols},
	Volume = {27},
	Year = {1997}}

@conference{Saha07,
	Author = {Bratin Saha and Ali Reza and Adl Tabatabai and Anwar Ghuloum and Mohan Rajagopalan and Richard L. Hudson and Leaf Petersen and Vijay Menon and Brian Murphy and Tatiana Shpeisman and Eric Sprangle and Anwar Rohillah and Doug Carmean and Jesse Fang},
	Booktitle = {Proceedings of the ACM SIGOPS/EuroSys European Conference on Computer Systems},
	Owner = {minlanyu},
	Timestamp = {2008.02.08},
	Title = {Enabling scalability and performance in a large scale {CMP} environment},
	Year = {2007}}

@article{Saha03,
	Author = {D. Saha and S. Sahu and A. Shaikh},
	Journal = {ACM NetGames},
	Owner = {minlanyu},
	Timestamp = {2008.07.30},
	Title = {A Service Platform for OnLine Games},
	Year = {2003}}

@conference{Schlansker07,
	Author = {Michael Schlansker and Nagabhushan Chitlur and Erwin Oertli and Paul M. Stillwell and Linda Rankin and Dennis Bradford and Richard J. Carter and Jayaram Mudigonda and Nathan Binkert and Norman P. Jouppie},
	Booktitle = {International Conference on High Performance Computing, Networking, Storage, and Analysis (SC07)},
	Owner = {minlanyu},
	Timestamp = {2008.02.05},
	Title = {High-performance Ethernet-based Communications for Future Multi-core Processors},
	Year = {2007}}

@inproceedings{Shaikh04,
	Author = {A. Shaikh and S. Sahu and M. Rosu and M. Shea and D. Saha},
	Booktitle = {ACM NetGames},
	Owner = {minlanyu},
	Timestamp = {2008.07.30},
	Title = {Implementation of a Service Platform for Online Games},
	Year = {2004}}

@article{Shepherd06,
	Author = {F. B. Shepherd and P. J. Winzer},
	Journal = {Journal of Optical Networking},
	Owner = {minlan},
	Pages = {320-339},
	Timestamp = {2007.07.30},
	Title = {Selective Randomized Load Balancing and Mesh Networks with Changing Demands},
	Volume = {5},
	Year = {2006}}

@inproceedings{Spring02,
	Author = {N. Spring and R. Mahajan and D. Wetherall},
	Date-Modified = {2009-03-01 10:47:03 -0500},
	Journal = SIGCOMM,
	Month = {August},
	Owner = {minlan},
	Timestamp = {2007.09.14},
	Title = {Measuring {ISP} Topologies with {R}ocketfuel},
	Year = {2002}}

@article{Task81,
	Author = {I. Task},
	Text = {Internet Engineering Task Force, Internet Protocol, (Postel, J.B., Ed.), Request for Comments (RFC) 791, (Postel, J.B., Ed.), September, 1981.},
	Title = {Internet Protocol},
	Url = {citeseer.ist.psu.edu/635482.html},
	Year = {1981},
	Bdsk-Url-1 = {citeseer.ist.psu.edu/635482.html}}

@inproceedings{Teixeira03,
	Address = {New York, NY, USA},
	Author = {Renata Teixeira and Keith Marzullo and Stefan Savage and Geoffrey M. Voelker},
	Booktitle = SIGMETRICS,
	Doi = {http://doi.acm.org/10.1145/781027.781069},
	Isbn = {1-58113-664-1},
	Location = {San Diego, CA, USA},
	Pages = {304--305},
	Publisher = {ACM Press},
	Title = {Characterizing and measuring path diversity of {I}nternet topologies},
	Year = {2003},
	Bdsk-Url-1 = {http://doi.acm.org/10.1145/781027.781069}}

@conference{Turner06,
	Author = {Jonathan Turner},
	Booktitle = {ACM ANCS},
	Institution = {n Proceedings of ACM ANCS,},
	Owner = {minlanyu},
	Timestamp = {2008.03.07},
	Title = {A Proposed Architecture for the {GENI} Backbone Platform},
	Year = {2006}}

@inproceedings{Turner07,
	Author = {Jonathan Turner and Patrick Crowley and John DeHart and Amy Freestone and Brandon Heller and Fred Kuhns and Sailesh Kumar and John Lockwood and Jing Lu and Michael Wilson and Charles Wiseman and David Zar},
	Booktitle = {{ACM} Sigcomm},
	Owner = {minlanyu},
	Timestamp = {2008.08.05},
	Title = {Supercharging PlanetLab - a High Performance, Multi-Application, Overlay Network Platform Multi-Application, Overlay Network Platform},
	Year = {2007}}

@article{Waters97,
	Author = {R.C. Waters and J.W. Barrus},
	Journal = {IEEE Spectrum},
	Month = {March},
	Number = {3},
	Owner = {minlan},
	Pages = {20-25},
	Timestamp = {2007.09.07},
	Title = {The Rise of Shared Virtual Environments},
	Volume = {34},
	Year = {1997}}

@article{Webb04,
	Author = {Kirk Webb and Mike Hibler and Ribert Ricci and Austin Clements and Jay Lepreau},
	Journal = {First Workshop on Real, Large Distributed Systems},
	Owner = {minlanyu},
	Timestamp = {2008.02.09},
	Title = {Implementing the {E}mulab-{P}lanet{L}ab Protal: Experience and Lessons learned},
	Year = {2004}}

@inproceedings{Welsh01,
	Author = {Matt Welsh and David Culler and Eric Brewer},
	Booktitle = SOSP,
	Owner = {minlan},
	Timestamp = {2007.10.17},
	Title = {{SEDA}: An Architecture for Well-Conditioned, Scalable Internet Services},
	Year = {2001}}

@inproceedings{White02,
	Address = {Boston, MA},
	Author = {Brian White and Jay Lepreau and Leigh Stoller and Robert Ricci and Shashi Guruprasad and Mac Newbold and Mike Hibler and Chad Barb and Abhijeet Joglekar},
	Booktitle = OSDI,
	Month = dec,
	Organization = USENIX,
	Pages = {255--270},
	Title = {An Integrated Experimental Environment for Distributed Systems and Networks},
	Year = {2002}}

@inproceedings{Wood07,
	Address = {Cambridge, MA},
	Author = {Timothy Wood and Prashant Shenoy and Arun Venkataramani and Mazin Yousif},
	Booktitle = NSDI,
	Month = {April},
	Title = {Black-box and Gray-box Strategies for Virtual Machine Migration},
	Year = {2007}}

@article{Wu00,
	Author = {Bang Ye Wu and Giuseppe Lancia and Vineet Bafna and Kun\-Mao Chao and R. Ravi and Chuan Yi Tang},
	Journal = {SIAM J. Comput.},
	Owner = {minlan},
	Pages = {761--778},
	Timestamp = {2007.07.30},
	Title = {A Polynomial-Time Approximation Scheme for Minimum Routing Cost Spanning Trees},
	Volume = {29},
	Year = {2000}}

@inproceedings{Yu08-presto,
	Author = {Minlan Yu and Marina Thottan and Li Li},
	Booktitle = {ACM SIGCOMM PRESTO Workshop},
	Journal = {PRESTO},
	Owner = {minlanyu},
	Timestamp = {2008.08.05},
	Title = {Latency Equalization: A Programmable Routing Service Primitive},
	Year = {2008}}

@article{Yu07,
	Author = {Minlan Yu and Marina Thottan and Li Li},
	Institution = {Bell Labs},
	Journal = {Bell Labs Technical Memorandum},
	Month = {Nov.},
	Owner = {minlanyu},
	Timestamp = {2008.03.12},
	Title = {Latency Equalization for Multiplayer Online Gaming},
	Url = {\url{www.cs.princeton.edu/\~minlanyu/game.pdf}},
	Year = {2007},
	Bdsk-Url-1 = {www.cs.princeton.edu/%5C~minlanyu/game.pdf}}

@article{Yu08-Rebecca,
	Author = {Rebecca Yu and Marina Thottan},
	Journal = {Bell Labs Technical Memorandum},
	Owner = {minlanyu},
	Timestamp = {2008.08.08},
	Title = {Network Latency in Online First-Person Shooter Games}}

@article{Zander06,
	Author = {S. Zander and G. Armitage},
	Journal = {Australasian Telecommunication Networks and Applications Conference (ATNAC)},
	Month = {December},
	Owner = {minlan},
	Timestamp = {2007.11.15},
	Title = {Empirically Measuring the {Q}o{S} Sensitivity of Interactive Online Game Players},
	Year = {2004}}

@article{Zander05,
	Author = {Sebastian Zander and Ian Leeder and Grenville J. Armitage},
	Journal = {Advances in Computer Entertainment Technology},
	Owner = {minlan},
	Timestamp = {2007.11.15},
	Title = {Achieving fairness in multiplayer network games through automated latency balancing},
	Year = {2005}}

@inproceedings{Zegura96,
	Author = {Ellen W. Zegura and Kenneth L. Calvert and Samrat Bhattacharjee},
	Booktitle = INFOCOM,
	Title = {How to Model an Internetwork},
	Year = {1996}}

@mastersthesis{Zhang06,
	Author = {Haishu Zhang},
	Owner = {minlan},
	School = {Computing Science, UMEA University, Sweden},
	Timestamp = {2007.11.16},
	Title = {The Effect of Delay on Network Games},
	Year = {2006}}

@inproceedings{Zhu06,
	Author = {Yong Zhu and Mostafa Ammar},
	Booktitle = INFOCOM,
	Title = {Algorithms for Assigning Substrate Network Resources to Virtual Network Components},
	Year = {2006}}

@misc{IETFpsamp,
	Author = {Tanja Zseby and others},
	Howpublished = {\url{http://www.ietf.org/internet-drafts/draft-ietf-psamp-sample-tech-07.txt}},
	Month = {July},
	Note = {--Work in progress},
	Title = {Sampling and Filtering Techniques for {IP} Packet Selection},
	Year = {2005}}

@misc{Abilene,
	Howpublished = {\url{http://abilene.internet2.edu/}},
	Owner = {minlan},
	Timestamp = {2007.11.01}}

@misc{Abilene-netflow,
	Howpublished = {\url{http://abilene.internet2.edu/observatory/data-collections.html}},
	Owner = {minlan},
	Timestamp = {2007.11.14},
	Title = {Abilene {N}etflow data}}

@misc{Abilene-NOC,
	Howpublished = {\url{http://weathermap.grnoc.iu.edu/}},
	Owner = {minlan},
	Timestamp = {2007.11.15}}

@misc{Akamai,
	Howpublished = {\url{http://www.akamai.com/}},
	Title = {{A}kamai Content Distribution Network}}

@misc{Chess,
	Howpublished = {\url{http://www.chesshere.com}},
	Owner = {minlanyu},
	Timestamp = {2008.07.30}}

@misc{cisco,
	Howpublished = {\url{http://www.cisco.com/en/US/netsol/ns669/networking_solutions_solution_segment_home.html}},
	Owner = {minlanyu},
	Timestamp = {2008.08.05}}

@misc{Deadreckoning,
	Howpublished = {\url{en.wikipedia.org/wiki/Dead_reckoning}},
	Owner = {minlanyu},
	Timestamp = {2008.07.30}}

@misc{ET,
	Howpublished = {\url{http://www.enemyterritory.com}},
	Owner = {minlanyu},
	Timestamp = {2008.07.30}}

@misc{GameRail,
	Howpublished = {\url{http://www.gamerail.com/}},
	Owner = {minlan},
	Timestamp = {2007.09.07},
	Title = {GameRail: {H}igh Performance Network for Serious Gaming},
	Url = {www.gamerail.com},
	Bdsk-Url-1 = {www.gamerail.com}}

@misc{Gamespy,
	Howpublished = {\url{http://www.gamespyarcade.com/}},
	Owner = {minlan},
	Timestamp = {2007.09.13},
	Title = {Gamespy: a source of game server browsing and player forums}}

@misc{GENI,
	Howpublished = {\url{http://www.geni.net/}},
	Title = {{GENI}}}

@misc{IETF4736,
	Howpublished = {\url{http://www.ietf.org/rfc/rfc4736.txt}},
	Owner = {minlanyu},
	Timestamp = {2008.03.11},
	Title = {Reoptimization of Multiprotocol Label Switching ({MPLS}) Traffic Engineering ({TE}) Loosely Routed Label Switched Path ({LSP})}}

@misc{InternetHealthwebsite,
	Howpublished = {\url{http://www.internethealthreport.com}},
	Owner = {minlanyu},
	Timestamp = {2008.08.05}}

@misc{Madden,
	Howpublished = {\url{http://en.wikipedia.org/wiki/Madden_NFL}},
	Owner = {minlanyu},
	Timestamp = {2008.07.30}}

@misc{minlan_VN_sim,
	Howpublished = {\url{http://www.cs.princeton.edu/~minlanyu/embed.tar.gz}},
	Title = {{Virtual Network Embedding Simulator}}}

@misc{Nam,
	Note = {\url{http://www.isi.edu/nsnam/nam/}},
	Title = {{Nam-1.11}: Network Animator}}

@misc{Nextgen,
	Howpublished = {\url{http://www.next-gen.biz}},
	Owner = {minlanyu},
	Timestamp = {2008.07.30}}

@misc{PL,
	Howpublished = {\url{https://www.planet-lab.org/}},
	Title = {PlanetLab}}

@misc{PlanetSide,
	Howpublished = {\url{http://www.planetside.com}},
	Owner = {minlanyu},
	Timestamp = {2008.07.30}}

@misc{www-iperf,
	Note = {\url{http://dast.nlanr.net/Projects/Iperf/}},
	Title = {{Iperf 1.7.0}: The {TCP/UDP} Bandwidth Measurement Tool}}

@misc{Yankee,
	Date-Modified = {2011-05-24 17:15:11 +0000},
	Month = {April},
	Owner = {minlanyu},
	Timestamp = {2008.07.30},
	Title = {Yankee Group Marketing Reports},
	Year = {2008}}

@misc{Forbes,
	Howpublished = {\url{http://www.forbes.com}},
	Month = {April},
	Owner = {minlanyu},
	Timestamp = {2008.07.30},
	Year = {2008}}

@misc{GDD06,
	Howpublished = {\url{http://www.geni.net/GDD/GDD-06-24.pdf}},
	Title = {{GENI} Distributed Services},
	Year = {2006}}

@misc{Quagga,
	Howpublished = {\url{http://www.quagga.net/}},
	Title = {{Q}uagga Software Router},
	Year = {2006}}

@misc{of-web,
	Author = {Nikhil Handigol and Srini Seetharaman and Mario Flajslik and Nick McKeown and Ramesh Johari},
	Month = AUG,
	Note = {ACM SIGCOMM Demo},
	Title = {{Plug-n-Serve}: Load-Balancing {Web} Traffic using {OpenFlow}},
	Year = 2009}

@misc{of-migrate,
	Author = {David Erickson and others},
	Date-Modified = {2010-01-17 03:45:07 -0500},
	Month = AUG,
	Note = {ACM SIGCOMM Demo},
	Title = {A demonstration of virtual machine mobility in an {OpenFlow} network},
	Year = 2008}

@inproceedings{elastic-tree,
	Author = {Brandon Heller and Srini Seetharaman and Priya Mahadevan and Yiannis Yiakoumis and Puneet Sharma and Sujata Banerjee and Nick McKeown},
	Booktitle = NSDI,
	Date-Modified = {2011-07-23 03:33:28 +0000},
	Month = APR,
	Title = {{ElasticTree}: {S}aving Energy in Data Center Networks},
	Year = 2010}

@misc{anagran,
	Note = {\url{http://anagran.com}},
	Title = {Anagran: Go with the Flow}}

@article{4D,
	Author = {Albert Greenberg and Gisli Hjalmtysson and David A. Maltz and Andy Myers and Jennifer Rexford and Geoffrey Xie and Hong Yan and Jibin Zhan and Hui Zhang},
	Date-Modified = {2010-01-28 21:16:40 -0500},
	Journal = CCR,
	Title = {A clean slate {4D} approach to network control and management},
	Year = 2005}

@inproceedings{tesseract,
	Author = {Hong Yan and David A. Maltz and T. S. Eugene Ng and Hemant Gogineni and Hui Zhang and Zheng Cai},
	Booktitle = NSDI,
	Month = APR,
	Title = {{Tesseract: A 4D Network Control Plane}},
	Year = 2007}

@inproceedings{openflow-click,
	Author = {Yogesh Mundada and others},
	Booktitle = {Proc. Symposium on Click Modular Router},
	Month = NOV,
	Title = {An {OpenFlow} Switch Element for {Click}},
	Year = 2009}

@article{openflow-ccr,
	Author = {N. McKeown and T. Anderson and H. Balakrishnan and G. Parulkar and L. Peterson and J. Rexford and S. Shenker and J. Turner},
	Journal = CCR,
	Month = APR,
	Title = {{OpenFlow}: Enabling innovation in campus networks},
	Year = 2008}

@article{nox-ccr,
	Author = {Natasha Gude and Teemu Koponen and Justin Pettit and Ben Pfaff and Mart{\'\i}n Casado and Nick McKeown and Scott Shenker},
	Date-Modified = {2011-07-23 03:30:46 +0000},
	Journal = CCR,
	Title = {{NOX}: {T}oward an Operating System for Networks},
	Year = 2008}

@inproceedings{ray07,
	Author = {S. Ray and R. Guerin and R. Sofia},
	Booktitle = ICC,
	Month = JUN,
	Title = {A distributed hash table based address resolution scheme for large-scale {Ethernet} networks},
	Year = 2007}

@incollection{http-tcp,
	Author = {Balachander Krishnamurthy and Jennifer Rexford},
	Booktitle = {Web Protocols and Practice: HTTP/1.1, Networking Protocols, Caching, and Traffic Measurement},
	Publisher = {Addison-Wesley},
	Title = {{HTTP/TCP Interaction}},
	Year = 2001}

@article{Palacios1990,
	Author = {Jos\'{e} Luis Palacios},
	Journal = {Linear Algebra and Its Applications},
	Pages = {241--252},
	Title = {Bounds on expected hitting times for random walk on a connected graph},
	Volume = {141},
	Year = {1990}}

@book{Seneta,
	Author = {E. Seneta},
	Date-Modified = {2011-06-13 20:45:46 +0000},
	Edition = {2nd},
	Location = {New York},
	Publisher = {Springer},
	Title = {Non-negative matrices and {M}arkov chains},
	Year = {1981}}

@book{MitzenmacherUpfal,
	Author = {Mitzenmacher, Michael and Upfal, Eli},
	Publisher = {Cambridge University Press},
	Title = {Probability and Computing: Randomized Algorithms and Probabilistic Analysis},
	Year = {2005}}

@book{MotwaniRaghavan,
	Author = {Rajeev Motwani and Prabhakar Raghavan},
	Publisher = {Cambridge University Press},
	Title = {Randomized Algorithms},
	Year = {1995}}
