@inproceedings{tsujimura2008trans,
  title={Trans-window free space optics transmission system},
  author={Tsujimura, Takeshi and Yoshida, Koichi and Kurashima, Toshio and Mikawa, Masahiko},
  booktitle={Proc. SICE Annual Conference, 2008},
  year={2008},
  organization={IEEE}
}

@inproceedings{mustafa2013reintroducing,
  title={Reintroducing Free-space Optical technology to Community Wireless Networks},
  author={Mustafa, Luka and Thomsen, Benn},
  year={2013},
  booktitle={Proc. 19th Americas Conference on Information Systems, Chicago, August, 2013.}
}


@ARTICLE{yoshida2013focus, 
author={Yoshida, K. and Tanaka, K. and Tsujimura, T. and Azuma, Y.}, 
journal={Industrial Electronics, IEEE Transactions on}, 
title={Assisted Focus Adjustment for Free Space Optics System Coupling Single-Mode Optical Fibers}, 
year={2013}, 
volume={60}, 
number={11}
}

@ARTICLE{ciaramella2009terabit, 
author={Ciaramella, E. and Arimoto, Y. and Contestabile, G. and Presi, M. and D'Errico, A. and Guarino, V. and Matsumoto, M.}, 
journal={Photonics Technology Letters, IEEE}, 
title={{1.28-Tb/s} (32 $\times$ 40 {Gb/s)} Free-Space Optical {WDM} Transmission System}, 
year={2009}, 
volume={21}, 
number={16}
}


