@inproceedings{olteanu:sigcomm12poster,
title = {{Scaling middleboxes with OpenFlow}},
author  = {{V. Olteanu and C. Raiciu}},
booktitle = {Proc.\ SIGCOMM posters},
year = 2012
}

@inproceedings{openflowlb11,
title = {{Openflow-based server load balancing gone wild}},
author = {{R. Wang, D. Butnariu, and J. Rexford}},
booktitle = {Proc.\ Hot-ICE},
year = 2011
}

@misc{openflowstd,
title = {OpenFlow standard},
howpublished = {\url{http://www.openflow.org/documents/openflow-spec-v1.1.0.pdf}}
}

@misc{sdnclarify,
title = {{An attempt to motivate and clarify Software-Defined Networking (SDN) }},
howpublished = {\url{http://www.youtube.com/watch?v=WVs7Pc99S7w}}
}

@INPROCEEDINGS{aplomblong,
  author = {Justine Sherry and Shaddi Hasan and Colin Scott and Arvind Krishnamurthy
	and Sylvia Ratnasamy and Vyas Sekar},
  title = {Making Middleboxes Someone Else's Problem: Network Processing as
	a Cloud Service},
  booktitle = {Proc.\ SIGCOMM},
  year = {2012},
  series = {SIGCOMM}
}

@INPROCEEDINGS{aplomb,
  author = {{J. Sherry et~al}},
  title = {Making Middleboxes Someone Else's Problem: Network Processing as
	a Cloud Service},
  booktitle = {Proc.\ SIGCOMM},
  year = {2012},
}


@inproceedings{learnpolicy,
title = {{What's going on?: learning communication rules in edge networks}},
author = {Srikanth Kandula and Ranveer Chandra and Dina Katabi},
year = 2008,
booktitle = {Proc.\ SIGCOMM}
}


@inproceedings{axiomatic,
title = {{An axiomatic basis for communication}},
author = {Martin Karsten and Srinivasan Keshav and Sanjiva Prasad and Mirza Beg},
booktitle = {Proc.\ SIGCOMM},
year= 2007
}


@inproceedings{pace:infocom13,
title = {{ PACE: Policy-Aware Application Cloud Embedding}},
author = {Erran Li and others},
booktitle = { Proc. IEEE INFOCOM},
year =2013
}

@inproceedings{jrex-nsdi,
title = {{Composing Software Defined Networks}},
author = {Christopher Monsanto and Joshua Reich and Nate Foster and Jennifer Rexford and David Walker},
booktitle = {NSDI},
year =2013
}

@inproceedings{vcrib,
title = {{Scalable Rule Management for Data Centers}},
author = {Masoud Moshref and Minlan Yu and Abhishek Sharma and Ramesh Govindan},
booktitle = {NSDI},
year =2013
}

misc{emulab,
title = {Emulab},
howpublished = {\url{http://www.emulab.net/}
}

@misc{openvswitch,
title = {Open vSwitch},
howpublished = {\url{http://openvswitch.org/}}
}


@inproceedings{jenlb,
 author = {Wang, Richard and Butnariu, Dana and Rexford, Jennifer},
 title = {OpenFlow-based server load balancing gone wild},
 series = {Hot-ICE},
 year = {2011},
 } 


@misc{click,
title = {{Click Modular Router}},
howpublished = {\url{http://www.read.cs.ucla.edu/click/click}}
}

@misc{pox,
title = {{POX Controller}},
howpublished = {\url{http://www.noxrepo.org/pox/about-pox/}}}


@misc{emulab,
title = {{Emulab}},
howpublished = {\url{http://www.emulab.net/}}
}





@inproceedings{akella,
 author = {Gember, Aaron and Prabhu, Prathmesh and Ghadiyali, Zainab and Akella, Aditya},
 title = {Toward software-defined middlebox networking},
 booktitle = {Proceedings of the 11th ACM Workshop on Hot Topics in Networks},
 series = {HotNets-XI},
 year = {2012},
} 


@inproceedings{msrlb,
 author = {{P. Gill et~al}},
 title = {Understanding network failures in data centers: measurement, analysis, and implications},
 booktitle = {Proc.\ SIGCOMM},
 year = {2011},
 } 


@inproceedings{openflowlb11,
title = {{Openflow-based server load balancing gone wild}},
author = {{R. Wang, D. Butnariu, and J. Rexford}},
booktitle = {Proc.\ Hot-ICE},
year = 2011
}

@misc{openflowstd,
title = {OpenFlow standard},
howpublished = {\url{http://www.openflow.org/documents/openflow-spec-v1.1.0.pdf}}
}
@misc{sdnclarify,
title = {{An attempt to motivate and clarify Software-Defined Networking (SDN) }},
howpublished = {\url{http://www.youtube.com/watch?v=WVs7Pc99S7w}}
}

@inproceedings{learnpolicy,
title = {{What's going on?: learning communication rules in edge networks}},
author = {Srikanth Kandula and Ranveer Chandra and Dina Katabi},
year = 2008,
booktitle = {Proc.\ SIGCOMM}
}



@misc{sdnl4,
title = {SDN 2013: Market will address Layer 4-7 services},
howpublished = {\url{http://searchnetworking.techtarget.com/news/2240175970/Networking-outlook-Controllers-Layer-4-7-will-roil-SDN-2013-market}}
}

@misc{quantcast,
title = {Top million US websites},
howpublished = {\url{http://ak.quantcast.com/quantcast-top-million.zip}}
}

@inproceedings{morleymao,
 author = {Wang, Zhaoguang and Qian, Zhiyun and Xu, Qiang and Mao, Zhuoqing and Zhang, Ming},
 title = {An untold story of middleboxes in cellular networks},
  series = {SIGCOMM},
 year = {2011},
} 

@inproceedings{conext12,
 author = {Heorhiadi, Victor and Reiter, Michael K. and Sekar, Vyas},
 title = {New opportunities for load balancing in network-wide intrusion detection systems},
 booktitle = {Proceedings of the 8th international conference on Emerging networking experiments and technologies},
 series = {CoNEXT},
 year = {2012},
} 

@inproceedings{conext10,
 author = {Sekar, Vyas and Krishnaswamy, Ravishankar and Gupta, Anupam and Reiter, Michael K.},
 title = {Network-wide deployment of intrusion detection and prevention systems},
 booktitle = {Proceedings of the 6th International COnference},
 series = {CoNext},
 year = {2010},
} 

@inproceedings{difane,
 author = {Yu, Minlan and Rexford, Jennifer and Freedman, Michael J. and Wang, Jia},
 title = {Scalable flow-based networking with DIFANE},
 booktitle = {Proceedings of the ACM SIGCOMM 2010 conference},
 series = {SIGCOMM '10},
 year = {2010},
 isbn = {978-1-4503-0201-2},
 location = {New Delhi, India},
 pages = {351--362},
 numpages = {12},
 url = {http://doi.acm.org/10.1145/1851182.1851224},
 doi = {10.1145/1851182.1851224},
 acmid = {1851224},
 publisher = {ACM},
 address = {New York, NY, USA},
 keywords = {access control, network architecture, openflow, scalability},
} 

@misc{metzler,
title = {2011 Cloud Networking Report},
howpublished = {\url{http://www.webtorials.com/content/2011/11/2011-cloud-networking-report.html}}
}

